TransactionID,Date,CustomerID,ProductID,StoreID,Quantity,Discount,PaymentMethod,TotalAmount,GrossRevenue,NetRevenue,Profit
T00001,6/18/2024,C160,P014,S003,1,0.1,"Bank Transfer",1208.4750000000001,1342.75,1208.4750000000001,410.5350000000001
T00002,11/2/2023,C171,P030,S004,3,0.15,"Bank Transfer",74.562,87.72,74.562,28.722
T00003,3/28/2024,C142,P002,S002,2,0.15,"Mobile Money",1391.892,1637.52,1391.892,336.65200000000004
T00004,6/15/2024,C174,P050,S002,5,0.1,"Mobile Money",4700.880000000001,5223.200000000001,4700.880000000001,825.5300000000007
T00005,8/29/2024,C141,P036,S001,3,0.1,"Credit Card",4053.942,4504.38,4053.942,550.752
T00006,3/28/2025,C111,P036,S005,5,0.1,"Mobile Money",6756.570000000001,7507.3,6756.570000000001,917.920000000001
T00007,11/9/2024,C114,P009,S004,2,0.15,"Credit Card",209.423,246.38,209.423,48.703
T00008,5/28/2024,C169,P005,S001,3,0.1,Cash,3769.794,4188.66,3769.794,757.5239999999999
T00009,9/4/2024,C193,P035,S002,3,0.05,"Credit Card",4452.925499999999,4687.29,4452.925499999999,866.035499999999
T00010,6/16/2024,C038,P045,S001,1,0.05,"Mobile Money",1785.1259999999997,1879.08,1785.1259999999997,780.5659999999998
T00011,3/9/2025,C157,P022,S001,4,0.15,"Credit Card",86.938,102.28,86.938,10.738
T00012,6/6/2024,C184,P042,S004,4,0.15,"Credit Card",1542.308,1814.48,1542.308,275.788
T00013,10/2/2023,C038,P048,S001,1,0.15,"Credit Card",1033.906,1216.36,1033.906,239.106
T00014,10/28/2024,C046,P034,S005,4,0,"Credit Card",1712.2,1712.2,1712.2,727.9200000000001
T00015,3/23/2025,C032,P016,S004,2,0.15,"Bank Transfer",3159.875,3717.5,3159.875,257.55499999999984
T00016,12/14/2023,C194,P024,S004,5,0.15,"Mobile Money",6321.4925,7437.05,6321.4925,2256.1425
T00017,12/24/2024,C041,P026,S004,4,0.1,"Credit Card",3656.736,4063.04,3656.736,1319.136
T00018,5/30/2025,C164,P033,S003,5,0.15,"Credit Card",7645.6225,8994.85,7645.6225,999.8725000000004
T00019,4/21/2025,C071,P011,S004,1,0.1,"Credit Card",223.713,248.57,223.713,33.043000000000006
T00020,1/7/2025,C070,P007,S003,3,0,"Credit Card",4422.36,4422.36,4422.36,2130.2999999999997
T00021,11/16/2024,C039,P018,S002,4,0.05,"Credit Card",4103.582,4319.56,4103.582,1288.2620000000002
T00022,11/26/2024,C017,P022,S004,4,0.1,"Mobile Money",92.052,102.28,92.052,15.852000000000004
T00023,8/2/2024,C107,P023,S001,2,0.15,"Mobile Money",3193.399,3756.94,3193.399,1163.579
T00024,3/30/2025,C198,P013,S005,1,0.15,"Mobile Money",964.5799999999999,1134.8,964.5799999999999,289.4799999999999
T00025,6/2/2024,C002,P039,S003,3,0.15,"Mobile Money",1379.3970000000002,1622.8200000000002,1379.3970000000002,184.64700000000016
T00026,10/26/2024,C138,P021,S005,5,0.05,"Mobile Money",5829.389999999999,6136.2,5829.389999999999,943.9399999999996
T00027,1/23/2024,C057,P039,S003,4,0.15,Cash,1839.1960000000001,2163.76,1839.1960000000001,246.19600000000014
T00028,12/15/2024,C100,P020,S003,4,0.05,"Mobile Money",1230.896,1295.68,1230.896,258.976
T00029,4/9/2025,C033,P013,S005,5,0,"Mobile Money",5674,5674,5674,2298.5
T00030,2/26/2025,C152,P028,S005,1,0,"Mobile Money",673.78,673.78,673.78,310.45
T00031,12/16/2024,C035,P019,S004,2,0,"Bank Transfer",3525.84,3525.84,3525.84,832.8800000000001
T00032,1/16/2025,C098,P028,S003,2,0.15,"Bank Transfer",1145.426,1347.56,1145.426,418.76599999999996
T00033,7/20/2025,C087,P021,S004,3,0.15,"Bank Transfer",3129.462,3681.7200000000003,3129.462,198.192
T00034,11/13/2023,C021,P037,S004,1,0,"Bank Transfer",1952.65,1952.65,1952.65,501.3800000000001
T00035,2/16/2024,C058,P047,S001,1,0,"Credit Card",1197.18,1197.18,1197.18,474.44000000000005
T00036,6/3/2025,C052,P049,S001,5,0.05,"Credit Card",1844.235,1941.3,1844.235,847.7349999999999
T00037,1/17/2024,C033,P030,S004,1,0.05,"Mobile Money",27.778,29.24,27.778,12.498
T00038,5/6/2025,C180,P041,S003,3,0.05,Cash,4659.778499999999,4905.03,4659.778499999999,1529.9084999999995
T00039,10/13/2024,C200,P001,S002,3,0,Cash,5021.07,5021.07,5021.07,1050.9299999999994
T00040,8/2/2024,C080,P011,S005,4,0.15,"Credit Card",845.1379999999999,994.28,845.1379999999999,82.45799999999997
T00041,12/20/2023,C020,P044,S005,2,0,"Bank Transfer",2573.1,2573.1,2573.1,978.02
T00042,6/3/2024,C176,P025,S005,1,0,"Bank Transfer",429.15,429.15,429.15,170.42999999999995
T00043,10/30/2024,C137,P011,S004,3,0,"Bank Transfer",745.71,745.71,745.71,173.70000000000005
T00044,12/31/2024,C004,P033,S004,4,0,"Mobile Money",7195.88,7195.88,7195.88,1879.2799999999997
T00045,9/30/2024,C093,P045,S004,2,0.15,"Credit Card",3194.4359999999997,3758.16,3194.4359999999997,1185.3159999999998
T00046,11/27/2023,C188,P027,S005,3,0.15,"Mobile Money",3244.1865,3816.69,3244.1865,386.2365
T00047,5/6/2025,C112,P045,S005,3,0.1,"Credit Card",5073.516,5637.24,5073.516,2059.836
T00048,1/25/2025,C023,P011,S003,4,0.05,"Mobile Money",944.5659999999999,994.28,944.5659999999999,181.88599999999997
T00049,8/9/2025,C146,P013,S005,4,0.1,Cash,4085.2799999999997,4539.2,4085.2799999999997,1384.8799999999997
T00050,8/14/2025,C127,P007,S003,2,0.15,"Credit Card",2506.004,2948.24,2506.004,977.9639999999999
T00051,9/25/2024,C091,P026,S003,3,0.1,"Bank Transfer",2742.5519999999997,3047.2799999999997,2742.5519999999997,989.3519999999999
T00052,5/9/2025,C143,P022,S001,5,0.05,Cash,121.4575,127.85,121.4575,26.207499999999996
T00053,9/30/2024,C062,P047,S004,4,0.05,"Mobile Money",4549.284,4788.72,4549.284,1658.3239999999996
T00054,1/29/2024,C166,P001,S004,4,0,Cash,6694.76,6694.76,6694.76,1401.2399999999998
T00055,6/27/2024,C076,P009,S002,4,0.05,"Bank Transfer",468.12199999999996,492.76,468.12199999999996,146.68199999999996
T00056,8/19/2025,C170,P028,S005,3,0.15,"Bank Transfer",1718.139,2021.34,1718.139,628.1489999999999
T00057,10/11/2024,C109,P011,S005,3,0.1,"Mobile Money",671.139,745.71,671.139,99.12900000000002
T00058,1/20/2024,C070,P034,S003,3,0.05,Cash,1219.9425,1284.15,1219.9425,481.7325000000001
T00059,2/14/2025,C185,P027,S002,3,0,"Credit Card",3816.69,3816.69,3816.69,958.7400000000002
T00060,11/26/2024,C050,P044,S002,4,0.1,"Bank Transfer",4631.58,5146.2,4631.58,1441.42
T00061,3/20/2025,C026,P006,S002,3,0.05,"Bank Transfer",906.4425,954.1500000000001,906.4425,344.4225
T00062,5/3/2025,C046,P027,S003,1,0.05,"Bank Transfer",1208.6185,1272.23,1208.6185,255.96850000000006
T00063,6/1/2024,C012,P036,S001,5,0.1,"Credit Card",6756.570000000001,7507.3,6756.570000000001,917.920000000001
T00064,11/15/2024,C164,P048,S004,1,0,"Bank Transfer",1216.36,1216.36,1216.36,421.55999999999995
T00065,5/26/2024,C121,P028,S004,4,0.1,"Credit Card",2425.608,2695.12,2425.608,972.2880000000002
T00066,4/20/2024,C014,P010,S003,4,0,Cash,4776.48,4776.48,4776.48,1420.6799999999994
T00067,2/16/2025,C103,P042,S004,1,0,"Credit Card",453.62,453.62,453.62,136.99
T00068,3/15/2024,C039,P002,S005,3,0,"Credit Card",2456.2799999999997,2456.2799999999997,2456.2799999999997,873.4199999999996
T00069,11/14/2023,C031,P040,S005,4,0.05,"Mobile Money",6633.317999999999,6982.44,6633.317999999999,1343.557999999999
T00070,12/2/2024,C116,P013,S004,3,0.15,"Bank Transfer",2893.74,3404.3999999999996,2893.74,868.4399999999996
T00071,11/18/2023,C146,P044,S005,1,0,"Credit Card",1286.55,1286.55,1286.55,489.01
T00072,1/5/2025,C161,P012,S002,3,0,"Credit Card",3579.2699999999995,3579.2699999999995,3579.2699999999995,1124.5499999999993
T00073,10/8/2024,C062,P022,S002,5,0,"Credit Card",127.85,127.85,127.85,32.599999999999994
T00074,7/1/2024,C001,P014,S004,4,0.15,"Bank Transfer",4565.349999999999,5371,4565.349999999999,1373.5899999999992
T00075,4/24/2024,C009,P018,S002,3,0.1,"Mobile Money",2915.703,3239.67,2915.703,804.2129999999997
T00076,5/20/2025,C019,P005,S002,3,0.05,"Mobile Money",3979.227,4188.66,3979.227,966.9569999999999
T00077,6/19/2025,C030,P031,S005,2,0.05,"Bank Transfer",2081.868,2191.44,2081.868,437.46799999999985
T00078,7/24/2024,C037,P015,S001,1,0.05,"Bank Transfer",256.92749999999995,270.45,256.92749999999995,69.32749999999996
T00079,1/6/2024,C153,P018,S005,3,0.15,Cash,2753.7195,3239.67,2753.7195,642.2294999999999
T00080,11/21/2023,C120,P021,S003,4,0.1,"Mobile Money",4418.064,4908.96,4418.064,509.7040000000002
T00081,6/20/2024,C113,P009,S001,5,0,"Mobile Money",615.95,615.95,615.95,214.15000000000003
T00082,10/23/2023,C189,P009,S003,5,0.1,Cash,554.355,615.95,554.355,152.555
T00083,8/16/2024,C024,P039,S002,5,0,"Bank Transfer",2704.7000000000003,2704.7000000000003,2704.7000000000003,713.4500000000003
T00084,5/28/2025,C148,P038,S001,2,0.15,"Mobile Money",623.781,733.86,623.781,53.32099999999991
T00085,10/13/2023,C072,P014,S002,5,0.15,"Mobile Money",5706.6875,6713.75,5706.6875,1716.9874999999997
T00086,9/17/2023,C024,P018,S004,3,0.15,"Bank Transfer",2753.7195,3239.67,2753.7195,642.2294999999999
T00087,10/17/2024,C083,P036,S001,2,0.1,"Mobile Money",2702.628,3002.92,2702.628,367.1680000000001
T00088,5/23/2025,C178,P024,S004,3,0.15,Cash,3792.8955,4462.2300000000005,3792.8955,1353.6855
T00089,1/31/2025,C117,P049,S001,3,0.1,"Bank Transfer",1048.302,1164.78,1048.302,450.4019999999998
T00090,11/15/2023,C030,P046,S004,5,0,"Mobile Money",5826.849999999999,5826.849999999999,5826.849999999999,1194.0999999999995
T00091,7/26/2025,C106,P039,S001,2,0.1,"Mobile Money",973.6920000000001,1081.88,973.6920000000001,177.19200000000012
T00092,5/6/2025,C161,P049,S004,1,0.05,"Bank Transfer",368.847,388.26,368.847,169.54699999999997
T00093,9/23/2023,C141,P048,S002,3,0.15,"Mobile Money",3101.718,3649.08,3101.718,717.3180000000002
T00094,12/24/2023,C032,P019,S001,5,0.05,"Credit Card",8373.87,8814.6,8373.87,1641.4700000000012
T00095,10/13/2024,C080,P030,S005,1,0.15,Cash,24.854,29.24,24.854,9.574
T00096,6/8/2024,C058,P048,S001,4,0,"Credit Card",4865.44,4865.44,4865.44,1686.2399999999998
T00097,3/16/2024,C128,P038,S003,5,0.1,"Mobile Money",1651.1850000000002,1834.65,1651.1850000000002,225.03500000000008
T00098,8/15/2024,C124,P009,S004,2,0.15,"Credit Card",209.423,246.38,209.423,48.703
T00099,10/18/2024,C099,P017,S002,5,0.05,Cash,5919.022499999999,6230.549999999999,5919.022499999999,1751.4224999999988
T00100,7/7/2025,C071,P023,S004,3,0.1,Cash,5071.869,5635.41,5071.869,2027.1389999999997
T00101,6/6/2025,C073,P013,S003,5,0.15,"Credit Card",4822.9,5674,4822.9,1447.3999999999996
T00102,7/16/2025,C115,P006,S005,4,0.1,"Bank Transfer",1144.98,1272.2,1144.98,395.62
T00103,12/29/2024,C142,P016,S005,4,0.15,"Bank Transfer",6319.75,7435,6319.75,515.1099999999997
T00104,1/18/2025,C049,P032,S002,5,0.15,"Credit Card",1295.0175,1523.55,1295.0175,474.9675
T00105,1/14/2024,C199,P011,S004,1,0.1,"Mobile Money",223.713,248.57,223.713,33.043000000000006
T00106,1/29/2025,C181,P049,S004,4,0.05,"Mobile Money",1475.388,1553.04,1475.388,678.1879999999999
T00107,3/7/2025,C010,P010,S002,5,0.1,Cash,5373.54,5970.599999999999,5373.54,1178.79
T00108,8/2/2025,C113,P039,S001,5,0.15,Cash,2298.9950000000003,2704.7000000000003,2298.9950000000003,307.74500000000035
T00109,11/9/2023,C185,P030,S002,4,0.05,Cash,111.112,116.96,111.112,49.992
T00110,7/21/2024,C121,P014,S003,3,0.15,Cash,3424.0125,4028.25,3424.0125,1030.1924999999997
T00111,3/24/2024,C085,P043,S005,4,0.1,"Mobile Money",2031.9119999999998,2257.68,2031.9119999999998,856.0719999999999
T00112,1/9/2024,C139,P022,S001,5,0,"Credit Card",127.85,127.85,127.85,32.599999999999994
T00113,10/7/2024,C162,P024,S003,2,0,"Mobile Money",2974.82,2974.82,2974.82,1348.68
T00114,1/18/2025,C026,P027,S001,4,0.05,"Bank Transfer",4834.474,5088.92,4834.474,1023.8740000000003
T00115,6/13/2025,C008,P038,S001,3,0,"Bank Transfer",1100.79,1100.79,1100.79,245.0999999999999
T00116,2/14/2024,C092,P033,S003,4,0.05,"Credit Card",6836.085999999999,7195.88,6836.085999999999,1519.485999999999
T00117,6/8/2024,C136,P006,S004,5,0.05,"Credit Card",1510.7375,1590.25,1510.7375,574.0374999999999
T00118,7/1/2024,C045,P037,S001,5,0.15,"Credit Card",8298.762499999999,9763.25,8298.762499999999,1042.4124999999985
T00119,9/16/2024,C128,P033,S005,2,0.05,"Mobile Money",3418.0429999999997,3597.94,3418.0429999999997,759.7429999999995
T00120,10/26/2024,C164,P024,S003,4,0.1,Cash,5354.676,5949.64,5354.676,2102.396
T00121,3/19/2025,C120,P018,S003,5,0.05,Cash,5129.477500000001,5399.450000000001,5129.477500000001,1610.3275000000008
T00122,1/22/2025,C114,P030,S003,5,0.1,"Mobile Money",131.57999999999998,146.2,131.57999999999998,55.17999999999999
T00123,3/30/2025,C177,P042,S003,4,0.1,"Credit Card",1633.0320000000002,1814.48,1633.0320000000002,366.51200000000017
T00124,1/4/2024,C099,P016,S004,1,0.05,"Mobile Money",1765.8125,1858.75,1765.8125,314.6524999999999
T00125,6/14/2024,C147,P003,S003,5,0.1,"Bank Transfer",1519.335,1688.15,1519.335,674.1850000000001
T00126,10/21/2023,C006,P001,S004,3,0,Cash,5021.07,5021.07,5021.07,1050.9299999999994
T00127,1/29/2025,C156,P022,S004,3,0.05,"Bank Transfer",72.8745,76.71000000000001,72.8745,15.724499999999992
T00128,9/17/2024,C057,P029,S002,5,0.1,"Credit Card",6682.725,7425.25,6682.725,1741.175000000001
T00129,11/12/2024,C161,P010,S001,1,0.1,"Mobile Money",1074.7079999999999,1194.12,1074.7079999999999,235.7579999999998
T00130,6/29/2025,C009,P003,S005,3,0.05,Cash,962.2455,1012.89,962.2455,455.15549999999996
T00131,1/10/2024,C076,P015,S003,4,0.05,"Credit Card",1027.7099999999998,1081.8,1027.7099999999998,277.30999999999983
T00132,5/20/2025,C034,P007,S005,3,0.1,"Credit Card",3980.124,4422.36,3980.124,1688.0639999999999
T00133,4/14/2024,C066,P016,S004,3,0.1,Cash,5018.625,5576.25,5018.625,665.1449999999995
T00134,5/26/2024,C120,P045,S001,2,0.05,"Mobile Money",3570.2519999999995,3758.16,3570.2519999999995,1561.1319999999996
T00135,8/30/2024,C143,P025,S003,1,0.15,Cash,364.7775,429.15,364.7775,106.05749999999995
T00136,7/12/2024,C068,P037,S005,1,0.15,"Bank Transfer",1659.7525,1952.65,1659.7525,208.48250000000007
T00137,5/26/2024,C173,P024,S003,5,0.15,"Bank Transfer",6321.4925,7437.05,6321.4925,2256.1425
T00138,1/21/2024,C028,P028,S002,4,0,"Bank Transfer",2695.12,2695.12,2695.12,1241.8
T00139,12/31/2023,C157,P027,S002,1,0.15,"Bank Transfer",1081.3955,1272.23,1081.3955,128.7455000000001
T00140,2/3/2025,C167,P030,S004,1,0.05,Cash,27.778,29.24,27.778,12.498
T00141,11/23/2023,C010,P024,S003,4,0,Cash,5949.64,5949.64,5949.64,2697.36
T00142,9/27/2024,C061,P049,S005,2,0.15,"Mobile Money",660.0419999999999,776.52,660.0419999999999,261.4419999999999
T00143,8/9/2025,C095,P033,S005,4,0.05,"Mobile Money",6836.085999999999,7195.88,6836.085999999999,1519.485999999999
T00144,12/18/2023,C168,P044,S001,4,0.15,"Bank Transfer",4374.2699999999995,5146.2,4374.2699999999995,1184.1099999999997
T00145,3/10/2025,C009,P009,S003,2,0.15,"Mobile Money",209.423,246.38,209.423,48.703
T00146,5/12/2024,C061,P039,S003,1,0.1,"Bank Transfer",486.84600000000006,540.94,486.84600000000006,88.59600000000006
T00147,9/17/2024,C016,P035,S004,3,0.05,Cash,4452.925499999999,4687.29,4452.925499999999,866.035499999999
T00148,4/9/2024,C117,P016,S001,2,0,Cash,3717.5,3717.5,3717.5,815.1799999999998
T00149,10/16/2023,C086,P014,S002,2,0.05,Cash,2551.225,2685.5,2551.225,955.3449999999998
T00150,8/30/2024,C196,P029,S005,2,0.05,"Credit Card",2821.595,2970.1,2821.595,844.9749999999999
T00151,9/4/2024,C085,P021,S002,5,0,"Bank Transfer",6136.2,6136.2,6136.2,1250.75
T00152,10/21/2024,C038,P044,S002,5,0.1,"Credit Card",5789.475,6432.75,5789.475,1801.7750000000005
T00153,4/20/2024,C029,P006,S001,2,0,"Bank Transfer",636.1,636.1,636.1,261.42
T00154,7/2/2025,C061,P026,S005,3,0,"Credit Card",3047.2799999999997,3047.2799999999997,3047.2799999999997,1294.08
T00155,7/25/2024,C068,P014,S001,2,0.15,Cash,2282.6749999999997,2685.5,2282.6749999999997,686.7949999999996
T00156,11/19/2024,C191,P008,S001,4,0.15,"Bank Transfer",373.252,439.12,373.252,90.892
T00157,9/29/2024,C132,P003,S005,1,0.15,"Credit Card",286.9855,337.63,286.9855,117.9555
T00158,8/22/2024,C158,P023,S001,5,0.1,"Mobile Money",8453.115,9392.35,8453.115,3378.5649999999996
T00159,8/3/2025,C165,P042,S001,1,0.15,"Mobile Money",385.577,453.62,385.577,68.947
T00160,10/6/2023,C110,P021,S001,4,0.15,Cash,4172.616,4908.96,4172.616,264.25599999999986
T00161,5/17/2025,C021,P046,S003,5,0.05,Cash,5535.507499999999,5826.849999999999,5535.507499999999,902.7574999999988
T00162,5/3/2024,C033,P029,S003,5,0.1,"Mobile Money",6682.725,7425.25,6682.725,1741.175000000001
T00163,3/16/2025,C153,P033,S005,3,0.15,"Mobile Money",4587.3735,5396.91,4587.3735,599.9234999999994
T00164,7/28/2024,C026,P003,S001,5,0.05,"Mobile Money",1603.7425,1688.15,1603.7425,758.5925000000001
T00165,8/19/2025,C116,P005,S002,4,0.1,"Mobile Money",5026.392,5584.88,5026.392,1010.0319999999997
T00166,1/28/2025,C103,P030,S004,1,0.1,"Mobile Money",26.316,29.24,26.316,11.036
T00167,10/22/2023,C081,P038,S003,3,0.05,"Mobile Money",1045.7504999999999,1100.79,1045.7504999999999,190.06049999999982
T00168,3/11/2024,C018,P022,S001,1,0,"Mobile Money",25.57,25.57,25.57,6.52
T00169,8/1/2024,C025,P018,S003,2,0,"Bank Transfer",2159.78,2159.78,2159.78,752.1200000000001
T00170,2/25/2024,C172,P044,S001,4,0.1,"Mobile Money",4631.58,5146.2,4631.58,1441.42
T00171,12/23/2023,C185,P035,S001,3,0.1,"Bank Transfer",4218.561,4687.29,4218.561,631.6709999999994
T00172,1/18/2025,C027,P045,S005,5,0.05,"Credit Card",8925.63,9395.4,8925.63,3902.83
T00173,9/2/2024,C169,P027,S004,2,0,"Bank Transfer",2544.46,2544.46,2544.46,639.1600000000001
T00174,5/22/2025,C143,P010,S003,1,0.1,"Credit Card",1074.7079999999999,1194.12,1074.7079999999999,235.7579999999998
T00175,11/27/2024,C110,P006,S005,5,0,"Bank Transfer",1590.25,1590.25,1590.25,653.55
T00176,8/13/2025,C008,P012,S002,3,0.1,"Bank Transfer",3221.343,3579.2699999999995,3221.343,766.6229999999996
T00177,8/17/2025,C090,P023,S001,2,0.05,"Mobile Money",3569.093,3756.94,3569.093,1539.273
T00178,4/8/2024,C018,P016,S002,1,0,"Credit Card",1858.75,1858.75,1858.75,407.5899999999999
T00179,4/5/2024,C097,P020,S004,4,0.1,"Credit Card",1166.112,1295.68,1166.112,194.19200000000012
T00180,6/4/2024,C095,P009,S003,3,0,Cash,369.57,369.57,369.57,128.49
T00181,6/28/2024,C040,P030,S002,5,0,Cash,146.2,146.2,146.2,69.8
T00182,12/31/2023,C070,P029,S004,4,0.15,"Mobile Money",5049.17,5940.2,5049.17,1095.9300000000003
T00183,5/21/2025,C107,P012,S003,2,0,"Bank Transfer",2386.18,2386.18,2386.18,749.6999999999998
T00184,8/23/2024,C111,P002,S001,3,0.15,"Bank Transfer",2087.8379999999997,2456.2799999999997,2087.8379999999997,504.9779999999996
T00185,7/2/2025,C012,P030,S002,4,0,Cash,116.96,116.96,116.96,55.839999999999996
T00186,6/21/2024,C053,P029,S003,2,0.05,"Bank Transfer",2821.595,2970.1,2821.595,844.9749999999999
T00187,9/26/2024,C075,P013,S003,1,0,"Mobile Money",1134.8,1134.8,1134.8,459.69999999999993
T00188,4/22/2024,C192,P016,S004,2,0.05,"Mobile Money",3531.625,3717.5,3531.625,629.3049999999998
T00189,3/26/2025,C137,P044,S002,5,0.1,Cash,5789.475,6432.75,5789.475,1801.7750000000005
T00190,5/30/2025,C102,P020,S001,4,0,"Mobile Money",1295.68,1295.68,1295.68,323.7600000000001
T00191,9/24/2023,C020,P007,S003,5,0.15,"Mobile Money",6265.009999999999,7370.599999999999,6265.009999999999,2444.9099999999994
T00192,10/27/2023,C182,P019,S004,3,0,"Mobile Money",5288.76,5288.76,5288.76,1249.3200000000002
T00193,1/13/2025,C006,P027,S003,2,0.15,"Bank Transfer",2162.791,2544.46,2162.791,257.4910000000002
T00194,12/8/2023,C023,P010,S004,1,0.05,"Mobile Money",1134.4139999999998,1194.12,1134.4139999999998,295.4639999999997
T00195,6/7/2025,C151,P016,S004,5,0,"Mobile Money",9293.75,9293.75,9293.75,2037.9499999999998
T00196,9/7/2024,C080,P011,S003,2,0.1,"Credit Card",447.426,497.14,447.426,66.08600000000001
T00197,5/23/2024,C020,P025,S005,1,0.05,"Bank Transfer",407.69249999999994,429.15,407.69249999999994,148.9724999999999
T00198,3/14/2025,C090,P025,S002,2,0,"Credit Card",858.3,858.3,858.3,340.8599999999999
T00199,8/5/2025,C066,P025,S002,2,0.05,Cash,815.3849999999999,858.3,815.3849999999999,297.9449999999998
T00200,11/30/2023,C046,P044,S004,4,0.15,"Bank Transfer",4374.2699999999995,5146.2,4374.2699999999995,1184.1099999999997
T00201,9/27/2023,C161,P042,S003,2,0.15,Cash,771.154,907.24,771.154,137.894
T00202,1/4/2024,C121,P027,S004,3,0.1,Cash,3435.021,3816.69,3435.021,577.0710000000004
T00203,1/8/2024,C091,P017,S005,1,0.1,"Mobile Money",1121.499,1246.11,1121.499,287.97900000000004
T00204,7/24/2025,C116,P050,S001,1,0.1,"Bank Transfer",940.1760000000002,1044.64,940.1760000000002,165.1060000000001
T00205,4/19/2025,C020,P004,S001,5,0.15,"Mobile Money",7878.5225,9268.85,7878.5225,1060.9224999999997
T00206,10/14/2023,C149,P043,S005,1,0.15,"Credit Card",479.75699999999995,564.42,479.75699999999995,185.79699999999997
T00207,10/30/2023,C083,P035,S005,4,0.05,Cash,5937.234,6249.72,5937.234,1154.714
T00208,3/21/2025,C116,P004,S001,3,0,"Credit Card",5561.3099999999995,5561.3099999999995,5561.3099999999995,1470.7499999999995
T00209,3/1/2025,C011,P028,S002,4,0.15,"Credit Card",2290.852,2695.12,2290.852,837.5319999999999
T00210,8/2/2024,C094,P021,S003,3,0.15,"Mobile Money",3129.462,3681.7200000000003,3129.462,198.192
T00211,4/8/2025,C199,P023,S003,5,0,"Bank Transfer",9392.35,9392.35,9392.35,4317.8
T00212,6/16/2025,C017,P045,S003,1,0.15,"Bank Transfer",1597.2179999999998,1879.08,1597.2179999999998,592.6579999999999
T00213,11/28/2024,C065,P008,S005,2,0.1,Cash,197.604,219.56,197.604,56.42400000000001
T00214,10/10/2024,C150,P025,S002,3,0.1,"Mobile Money",1158.705,1287.4499999999998,1158.705,382.54499999999985
T00215,6/10/2025,C034,P034,S005,1,0.1,"Mobile Money",385.245,428.05,385.245,139.175
T00216,8/22/2024,C165,P031,S003,2,0,"Mobile Money",2191.44,2191.44,2191.44,547.04
T00217,12/27/2024,C131,P048,S003,1,0.1,"Bank Transfer",1094.724,1216.36,1094.724,299.924
T00218,3/10/2024,C047,P048,S002,3,0.15,"Credit Card",3101.718,3649.08,3101.718,717.3180000000002
T00219,4/4/2025,C058,P035,S002,2,0,"Bank Transfer",3124.86,3124.86,3124.86,733.5999999999999
T00220,4/18/2024,C026,P021,S005,5,0,"Bank Transfer",6136.2,6136.2,6136.2,1250.75
T00221,7/29/2025,C197,P002,S005,2,0.15,"Credit Card",1391.892,1637.52,1391.892,336.65200000000004
T00222,4/7/2025,C042,P045,S002,5,0.05,"Mobile Money",8925.63,9395.4,8925.63,3902.83
T00223,8/13/2025,C012,P046,S004,3,0.05,"Mobile Money",3321.3044999999997,3496.1099999999997,3321.3044999999997,541.6545000000001
T00224,6/24/2025,C157,P017,S003,4,0.05,"Credit Card",4735.218,4984.44,4735.218,1401.138
T00225,11/30/2023,C080,P020,S004,2,0.1,"Mobile Money",583.056,647.84,583.056,97.09600000000006
T00226,5/18/2024,C119,P020,S003,4,0.15,"Credit Card",1101.328,1295.68,1101.328,129.40800000000002
T00227,8/25/2024,C052,P032,S005,2,0.1,Cash,548.478,609.42,548.478,220.45799999999997
T00228,6/13/2024,C165,P026,S004,3,0,Cash,3047.2799999999997,3047.2799999999997,3047.2799999999997,1294.08
T00229,7/12/2025,C073,P042,S001,2,0.1,"Mobile Money",816.5160000000001,907.24,816.5160000000001,183.25600000000009
T00230,12/5/2024,C132,P022,S002,4,0,"Credit Card",102.28,102.28,102.28,26.08
T00231,6/20/2025,C116,P046,S003,1,0.15,Cash,990.5644999999998,1165.37,990.5644999999998,64.01449999999988
T00232,1/26/2025,C102,P038,S005,3,0.05,"Mobile Money",1045.7504999999999,1100.79,1045.7504999999999,190.06049999999982
T00233,8/11/2024,C021,P050,S003,2,0,"Bank Transfer",2089.28,2089.28,2089.28,539.1400000000001
T00234,4/18/2025,C026,P021,S003,2,0.05,Cash,2331.756,2454.48,2331.756,377.5759999999998
T00235,8/10/2025,C074,P007,S004,2,0.15,"Mobile Money",2506.004,2948.24,2506.004,977.9639999999999
T00236,1/27/2024,C158,P050,S001,1,0,"Bank Transfer",1044.64,1044.64,1044.64,269.57000000000005
T00237,5/8/2024,C056,P039,S002,5,0.15,Cash,2298.9950000000003,2704.7000000000003,2298.9950000000003,307.74500000000035
T00238,9/27/2023,C199,P023,S003,2,0.1,Cash,3381.246,3756.94,3381.246,1351.4260000000002
T00239,4/27/2024,C013,P014,S002,4,0.15,Cash,4565.349999999999,5371,4565.349999999999,1373.5899999999992
T00240,9/3/2024,C029,P018,S004,5,0,"Credit Card",5399.450000000001,5399.450000000001,5399.450000000001,1880.3000000000006
T00241,10/28/2024,C184,P034,S002,3,0.15,Cash,1091.5275000000001,1284.15,1091.5275000000001,353.3175000000001
T00242,3/30/2025,C158,P015,S003,2,0.15,"Credit Card",459.765,540.9,459.765,84.565
T00243,9/3/2025,C171,P044,S001,5,0.1,Cash,5789.475,6432.75,5789.475,1801.7750000000005
T00244,4/9/2024,C135,P002,S005,5,0,"Mobile Money",4093.8,4093.8,4093.8,1455.7000000000003
T00245,9/14/2024,C121,P011,S001,4,0.1,"Bank Transfer",894.852,994.28,894.852,132.17200000000003
T00246,6/3/2024,C192,P030,S001,3,0,"Bank Transfer",87.72,87.72,87.72,41.88
T00247,12/7/2024,C062,P022,S001,5,0.1,"Credit Card",115.065,127.85,115.065,19.814999999999998
T00248,11/17/2023,C012,P035,S003,5,0.1,"Credit Card",7030.935,7812.150000000001,7030.935,1052.7849999999999
T00249,2/2/2025,C200,P039,S004,4,0.05,"Credit Card",2055.572,2163.76,2055.572,462.5720000000001
T00250,7/8/2025,C017,P037,S004,1,0.1,"Credit Card",1757.3850000000002,1952.65,1757.3850000000002,306.11500000000024
T00251,8/3/2024,C012,P022,S002,1,0.1,"Bank Transfer",23.013,25.57,23.013,3.963000000000001
T00252,3/20/2024,C132,P046,S004,5,0.15,"Bank Transfer",4952.822499999999,5826.849999999999,4952.822499999999,320.0724999999993
T00253,2/20/2024,C010,P004,S002,3,0.1,Cash,5005.179,5561.3099999999995,5005.179,914.6190000000001
T00254,3/16/2025,C168,P046,S003,3,0,"Bank Transfer",3496.1099999999997,3496.1099999999997,3496.1099999999997,716.46
T00255,11/11/2024,C112,P039,S004,4,0.15,"Bank Transfer",1839.1960000000001,2163.76,1839.1960000000001,246.19600000000014
T00256,9/29/2024,C048,P015,S004,4,0.1,"Bank Transfer",973.62,1081.8,973.62,223.22000000000003
T00257,10/18/2024,C022,P040,S004,1,0.15,"Credit Card",1483.7685,1745.61,1483.7685,161.32849999999985
T00258,3/27/2025,C140,P046,S003,3,0,Cash,3496.1099999999997,3496.1099999999997,3496.1099999999997,716.46
T00259,5/10/2025,C084,P011,S003,3,0.15,"Mobile Money",633.8535,745.71,633.8535,61.84350000000006
T00260,2/26/2025,C043,P024,S004,3,0.15,Cash,3792.8955,4462.2300000000005,3792.8955,1353.6855
T00261,11/16/2023,C187,P030,S003,5,0.15,"Bank Transfer",124.26999999999998,146.2,124.26999999999998,47.86999999999999
T00262,8/4/2024,C164,P039,S001,1,0.15,"Bank Transfer",459.79900000000004,540.94,459.79900000000004,61.549000000000035
T00263,10/3/2024,C132,P035,S002,1,0.05,"Mobile Money",1484.3085,1562.43,1484.3085,288.6785
T00264,2/19/2025,C009,P037,S002,1,0.05,"Bank Transfer",1855.0175,1952.65,1855.0175,403.74749999999995
T00265,5/1/2025,C093,P044,S004,5,0,"Credit Card",6432.75,6432.75,6432.75,2445.05
T00266,5/23/2024,C174,P014,S004,3,0.1,"Mobile Money",3625.425,4028.25,3625.425,1231.605
T00267,10/11/2023,C196,P009,S001,5,0.05,"Bank Transfer",585.1525,615.95,585.1525,183.35250000000002
T00268,1/23/2025,C102,P016,S003,3,0.05,Cash,5297.4375,5576.25,5297.4375,943.9574999999995
T00269,5/23/2024,C007,P046,S002,4,0.15,Cash,3962.2579999999994,4661.48,3962.2579999999994,256.05799999999954
T00270,2/24/2024,C068,P023,S003,4,0.05,"Bank Transfer",7138.186,7513.88,7138.186,3078.546
T00271,6/20/2025,C178,P040,S004,2,0,"Credit Card",3491.22,3491.22,3491.22,846.3399999999997
T00272,12/3/2024,C019,P002,S004,2,0.15,Cash,1391.892,1637.52,1391.892,336.65200000000004
T00273,10/20/2023,C175,P014,S003,3,0,"Bank Transfer",4028.25,4028.25,4028.25,1634.4299999999998
T00274,11/11/2023,C077,P002,S002,2,0.1,"Credit Card",1473.768,1637.52,1473.768,418.528
T00275,7/3/2025,C032,P043,S002,2,0.05,"Mobile Money",1072.398,1128.84,1072.398,484.47799999999995
T00276,10/13/2023,C007,P031,S003,5,0.1,"Mobile Money",4930.740000000001,5478.6,4930.740000000001,819.7400000000007
T00277,7/16/2024,C142,P035,S002,5,0,Cash,7812.150000000001,7812.150000000001,7812.150000000001,1834
T00278,10/10/2024,C080,P036,S004,4,0.15,"Mobile Money",5104.964,6005.84,5104.964,434.04399999999987
T00279,7/13/2025,C148,P012,S001,2,0.1,Cash,2147.562,2386.18,2147.562,511.0819999999999
T00280,2/5/2025,C116,P020,S004,5,0.1,"Credit Card",1457.64,1619.6000000000001,1457.64,242.74000000000024
T00281,10/14/2024,C200,P047,S005,5,0.05,"Credit Card",5686.6050000000005,5985.900000000001,5686.6050000000005,2072.9050000000007
T00282,3/9/2025,C111,P023,S005,1,0,"Credit Card",1878.47,1878.47,1878.47,863.5600000000001
T00283,7/12/2024,C078,P026,S002,2,0.1,"Credit Card",1828.368,2031.52,1828.368,659.568
T00284,6/7/2024,C089,P022,S005,3,0,"Bank Transfer",76.71000000000001,76.71000000000001,76.71000000000001,19.560000000000002
T00285,7/1/2024,C051,P009,S005,3,0.05,"Bank Transfer",351.0915,369.57,351.0915,110.01150000000001
T00286,10/11/2023,C158,P050,S005,1,0.05,"Credit Card",992.408,1044.64,992.408,217.33799999999997
T00287,7/11/2024,C044,P048,S005,5,0.1,Cash,5473.62,6081.799999999999,5473.62,1499.62
T00288,4/16/2024,C008,P041,S001,1,0.1,"Credit Card",1471.509,1635.01,1471.509,428.21900000000005
T00289,5/25/2024,C197,P001,S005,4,0,"Mobile Money",6694.76,6694.76,6694.76,1401.2399999999998
T00290,10/7/2024,C161,P001,S005,3,0.1,"Mobile Money",4518.963,5021.07,4518.963,548.8229999999994
T00291,6/12/2025,C063,P043,S004,3,0.15,Cash,1439.2709999999997,1693.2599999999998,1439.2709999999997,557.3909999999998
T00292,7/2/2024,C177,P041,S001,2,0.15,"Mobile Money",2779.517,3270.02,2779.517,692.9369999999999
T00293,5/25/2025,C124,P005,S004,2,0.1,"Credit Card",2513.196,2792.44,2513.196,505.01599999999985
T00294,3/20/2025,C081,P015,S003,3,0.15,"Credit Card",689.6474999999999,811.3499999999999,689.6474999999999,126.84749999999997
T00295,4/29/2025,C195,P020,S003,5,0,"Bank Transfer",1619.6000000000001,1619.6000000000001,1619.6000000000001,404.7000000000003
T00296,5/21/2025,C062,P004,S004,1,0.1,"Mobile Money",1668.393,1853.77,1668.393,304.87300000000005
T00297,10/4/2024,C064,P017,S002,1,0,"Bank Transfer",1246.11,1246.11,1246.11,412.5899999999999
T00298,8/21/2024,C099,P009,S005,4,0.05,"Credit Card",468.12199999999996,492.76,468.12199999999996,146.68199999999996
T00299,11/21/2023,C084,P027,S005,3,0.05,"Credit Card",3625.8554999999997,3816.69,3625.8554999999997,767.9054999999998
T00300,11/15/2023,C128,P011,S005,4,0.15,"Bank Transfer",845.1379999999999,994.28,845.1379999999999,82.45799999999997
T00301,12/7/2024,C128,P032,S001,1,0.15,"Mobile Money",259.0035,304.71,259.0035,94.99349999999998
T00302,12/11/2024,C062,P014,S002,5,0.1,Cash,6042.375,6713.75,6042.375,2052.6749999999997
T00303,9/9/2025,C013,P017,S003,4,0.15,"Bank Transfer",4236.773999999999,4984.44,4236.773999999999,902.6939999999995
T00304,6/8/2024,C138,P014,S001,1,0.15,"Credit Card",1141.3374999999999,1342.75,1141.3374999999999,343.3974999999998
T00305,10/8/2024,C068,P029,S003,4,0.1,Cash,5346.18,5940.2,5346.18,1392.9400000000005
T00306,10/17/2024,C103,P001,S001,5,0.05,"Bank Transfer",7950.0275,8368.45,7950.0275,1333.1274999999996
T00307,7/14/2025,C142,P012,S003,1,0.15,"Mobile Money",1014.1264999999999,1193.09,1014.1264999999999,195.88649999999984
T00308,11/23/2024,C196,P023,S005,3,0,"Credit Card",5635.41,5635.41,5635.41,2590.68
T00309,4/7/2024,C025,P049,S004,3,0.1,"Bank Transfer",1048.302,1164.78,1048.302,450.4019999999998
T00310,11/28/2023,C194,P010,S002,2,0.15,Cash,2030.0039999999997,2388.24,2030.0039999999997,352.1039999999996
T00311,7/1/2024,C012,P031,S001,2,0.1,"Mobile Money",1972.296,2191.44,1972.296,327.89599999999996
T00312,1/8/2025,C133,P024,S004,2,0.05,"Bank Transfer",2826.079,2974.82,2826.079,1199.939
T00313,12/19/2024,C157,P038,S003,2,0.15,"Bank Transfer",623.781,733.86,623.781,53.32099999999991
T00314,4/13/2025,C152,P028,S003,5,0.15,"Bank Transfer",2863.5649999999996,3368.8999999999996,2863.5649999999996,1046.9149999999997
T00315,9/19/2023,C122,P026,S001,3,0.1,Cash,2742.5519999999997,3047.2799999999997,2742.5519999999997,989.3519999999999
T00316,4/1/2025,C107,P003,S005,3,0,"Mobile Money",1012.89,1012.89,1012.89,505.79999999999995
T00317,2/27/2025,C068,P047,S005,5,0.05,Cash,5686.6050000000005,5985.900000000001,5686.6050000000005,2072.9050000000007
T00318,5/24/2025,C150,P043,S004,2,0.15,"Credit Card",959.5139999999999,1128.84,959.5139999999999,371.59399999999994
T00319,2/5/2025,C175,P014,S002,1,0,"Credit Card",1342.75,1342.75,1342.75,544.81
T00320,10/6/2024,C005,P032,S004,3,0.15,"Credit Card",777.0104999999999,914.1299999999999,777.0104999999999,284.9804999999999
T00321,11/8/2024,C106,P016,S002,4,0.15,Cash,6319.75,7435,6319.75,515.1099999999997
T00322,12/3/2024,C181,P018,S002,5,0.05,"Bank Transfer",5129.477500000001,5399.450000000001,5129.477500000001,1610.3275000000008
T00323,4/25/2025,C170,P037,S004,5,0.15,"Bank Transfer",8298.762499999999,9763.25,8298.762499999999,1042.4124999999985
T00324,4/20/2024,C045,P003,S004,5,0.1,"Bank Transfer",1519.335,1688.15,1519.335,674.1850000000001
T00325,12/29/2023,C174,P014,S003,5,0.15,"Credit Card",5706.6875,6713.75,5706.6875,1716.9874999999997
T00326,10/2/2024,C064,P002,S003,5,0.1,"Credit Card",3684.42,4093.8,3684.42,1046.3200000000002
T00327,6/27/2025,C077,P045,S003,2,0.15,"Bank Transfer",3194.4359999999997,3758.16,3194.4359999999997,1185.3159999999998
T00328,5/22/2025,C123,P043,S003,5,0.1,"Bank Transfer",2539.89,2822.1,2539.89,1070.09
T00329,12/13/2024,C032,P036,S005,5,0.15,"Mobile Money",6381.205,7507.3,6381.205,542.5550000000003
T00330,11/17/2023,C089,P034,S002,3,0,"Bank Transfer",1284.15,1284.15,1284.15,545.94
T00331,11/26/2024,C183,P046,S001,3,0.15,"Bank Transfer",2971.6935,3496.1099999999997,2971.6935,192.04350000000022
T00332,3/11/2024,C192,P002,S004,2,0.05,"Bank Transfer",1555.644,1637.52,1555.644,500.404
T00333,9/18/2024,C144,P026,S003,2,0,"Credit Card",2031.52,2031.52,2031.52,862.72
T00334,9/1/2025,C063,P026,S001,5,0.05,"Credit Card",4824.86,5078.8,4824.86,1902.8599999999997
T00335,10/26/2024,C014,P041,S001,4,0.1,"Mobile Money",5886.036,6540.04,5886.036,1712.8760000000002
T00336,12/12/2024,C026,P014,S002,1,0.05,"Mobile Money",1275.6125,1342.75,1275.6125,477.6724999999999
T00337,12/20/2024,C168,P043,S004,4,0.05,"Bank Transfer",2144.796,2257.68,2144.796,968.9559999999999
T00338,10/31/2024,C083,P010,S003,1,0,"Credit Card",1194.12,1194.12,1194.12,355.16999999999985
T00339,4/13/2024,C137,P039,S001,2,0.15,"Credit Card",919.5980000000001,1081.88,919.5980000000001,123.09800000000007
T00340,5/8/2024,C010,P010,S004,4,0.05,"Bank Transfer",4537.655999999999,4776.48,4537.655999999999,1181.8559999999989
T00341,11/24/2023,C010,P050,S001,3,0,"Bank Transfer",3133.92,3133.92,3133.92,808.71
T00342,7/8/2025,C073,P037,S004,5,0.15,"Credit Card",8298.762499999999,9763.25,8298.762499999999,1042.4124999999985
T00343,11/23/2024,C130,P022,S004,3,0.05,Cash,72.8745,76.71000000000001,72.8745,15.724499999999992
T00344,2/20/2025,C085,P045,S002,4,0.1,"Credit Card",6764.688,7516.32,6764.688,2746.4480000000003
T00345,8/30/2025,C004,P033,S003,3,0.05,"Credit Card",5127.0644999999995,5396.91,5127.0644999999995,1139.6144999999992
T00346,3/28/2025,C157,P014,S004,4,0.1,Cash,4833.900000000001,5371,4833.900000000001,1642.1400000000003
T00347,3/3/2025,C103,P030,S001,2,0.05,"Mobile Money",55.556,58.48,55.556,24.996
T00348,3/10/2025,C083,P025,S002,1,0.1,"Mobile Money",386.235,429.15,386.235,127.51499999999999
T00349,7/12/2025,C061,P025,S004,3,0.1,"Bank Transfer",1158.705,1287.4499999999998,1158.705,382.54499999999985
T00350,12/25/2024,C150,P015,S005,1,0.1,"Bank Transfer",243.405,270.45,243.405,55.80500000000001
T00351,12/24/2024,C178,P047,S002,1,0,"Mobile Money",1197.18,1197.18,1197.18,474.44000000000005
T00352,1/4/2024,C079,P011,S002,4,0.1,Cash,894.852,994.28,894.852,132.17200000000003
T00353,3/14/2025,C164,P015,S003,3,0.05,"Credit Card",770.7824999999999,811.3499999999999,770.7824999999999,207.98249999999996
T00354,12/24/2023,C035,P039,S004,2,0.15,"Bank Transfer",919.5980000000001,1081.88,919.5980000000001,123.09800000000007
T00355,9/16/2023,C107,P031,S005,4,0.05,"Credit Card",4163.736,4382.88,4163.736,874.9359999999997
T00356,8/29/2025,C175,P050,S005,1,0.15,"Bank Transfer",887.9440000000001,1044.64,887.9440000000001,112.87400000000002
T00357,8/20/2024,C020,P015,S005,1,0,"Credit Card",270.45,270.45,270.45,82.85
T00358,10/28/2023,C147,P049,S005,2,0.05,"Bank Transfer",737.694,776.52,737.694,339.09399999999994
T00359,3/22/2025,C134,P006,S004,1,0.05,"Mobile Money",302.1475,318.05,302.1475,114.80749999999998
T00360,1/30/2024,C024,P008,S005,4,0,"Mobile Money",439.12,439.12,439.12,156.76
T00361,8/18/2025,C034,P011,S005,4,0.15,Cash,845.1379999999999,994.28,845.1379999999999,82.45799999999997
T00362,6/17/2024,C144,P026,S004,3,0,"Mobile Money",3047.2799999999997,3047.2799999999997,3047.2799999999997,1294.08
T00363,9/9/2024,C066,P018,S001,2,0,Cash,2159.78,2159.78,2159.78,752.1200000000001
T00364,6/28/2024,C109,P024,S003,1,0,Cash,1487.41,1487.41,1487.41,674.34
T00365,6/15/2024,C121,P045,S001,3,0.15,"Credit Card",4791.6539999999995,5637.24,4791.6539999999995,1777.9739999999997
T00366,1/18/2025,C197,P034,S002,4,0.1,"Mobile Money",1540.98,1712.2,1540.98,556.7
T00367,2/8/2024,C115,P005,S004,4,0,"Credit Card",5584.88,5584.88,5584.88,1568.52
T00368,10/26/2023,C168,P044,S003,1,0.05,"Mobile Money",1222.2224999999999,1286.55,1222.2224999999999,424.6824999999999
T00369,8/10/2025,C136,P019,S002,2,0,Cash,3525.84,3525.84,3525.84,832.8800000000001
T00370,12/14/2024,C077,P010,S004,5,0.15,"Mobile Money",5075.009999999999,5970.599999999999,5075.009999999999,880.2599999999993
T00371,4/4/2024,C059,P035,S002,4,0.1,"Credit Card",5624.7480000000005,6249.72,5624.7480000000005,842.2280000000001
T00372,8/29/2024,C071,P014,S002,1,0,"Mobile Money",1342.75,1342.75,1342.75,544.81
T00373,5/14/2025,C158,P026,S001,2,0.05,Cash,1929.944,2031.52,1929.944,761.144
T00374,7/19/2025,C026,P013,S005,1,0.15,Cash,964.5799999999999,1134.8,964.5799999999999,289.4799999999999
T00375,11/11/2023,C063,P025,S001,4,0.15,"Credit Card",1459.11,1716.6,1459.11,424.2299999999998
T00376,5/28/2025,C139,P039,S002,1,0.05,"Bank Transfer",513.893,540.94,513.893,115.64300000000003
T00377,5/23/2024,C060,P030,S005,3,0.1,"Credit Card",78.94800000000001,87.72,78.94800000000001,33.10800000000001
T00378,2/21/2025,C078,P034,S002,5,0.05,"Mobile Money",2033.2375,2140.25,2033.2375,802.8875
T00379,2/13/2024,C077,P005,S003,1,0.05,"Mobile Money",1326.4089999999999,1396.22,1326.4089999999999,322.31899999999985
T00380,2/16/2025,C143,P010,S004,1,0.1,"Mobile Money",1074.7079999999999,1194.12,1074.7079999999999,235.7579999999998
T00381,10/18/2024,C135,P043,S003,4,0.15,"Credit Card",1919.0279999999998,2257.68,1919.0279999999998,743.1879999999999
T00382,7/27/2024,C077,P021,S004,2,0.15,"Credit Card",2086.308,2454.48,2086.308,132.12799999999993
T00383,2/26/2025,C058,P037,S003,2,0.15,Cash,3319.505,3905.3,3319.505,416.96500000000015
T00384,4/29/2025,C144,P007,S004,4,0.05,"Mobile Money",5601.655999999999,5896.48,5601.655999999999,2545.575999999999
T00385,11/20/2024,C063,P007,S003,2,0.1,Cash,2653.4159999999997,2948.24,2653.4159999999997,1125.3759999999997
T00386,7/17/2024,C116,P043,S003,1,0.05,Cash,536.199,564.42,536.199,242.23899999999998
T00387,4/15/2024,C069,P011,S004,5,0,Cash,1242.85,1242.85,1242.85,289.5
T00388,11/24/2023,C049,P024,S005,5,0.05,"Mobile Money",7065.1975,7437.05,7065.1975,2999.8475
T00389,10/19/2024,C054,P020,S003,3,0,"Credit Card",971.76,971.76,971.76,242.82000000000005
T00390,6/10/2025,C049,P048,S001,4,0.05,"Credit Card",4622.168,4865.44,4622.168,1442.9679999999998
T00391,10/10/2024,C102,P005,S002,5,0.1,"Bank Transfer",6282.990000000001,6981.1,6282.990000000001,1262.5400000000009
T00392,10/9/2024,C098,P041,S004,5,0.1,"Bank Transfer",7357.545,8175.05,7357.545,2141.0950000000003
T00393,12/23/2024,C067,P031,S003,5,0.15,"Mobile Money",4656.81,5478.6,4656.81,545.8100000000004
T00394,5/7/2024,C026,P001,S004,3,0.05,"Bank Transfer",4770.0165,5021.07,4770.0165,799.8764999999994
T00395,12/16/2024,C081,P025,S004,1,0.05,"Credit Card",407.69249999999994,429.15,407.69249999999994,148.9724999999999
T00396,7/25/2024,C005,P049,S003,5,0.15,"Bank Transfer",1650.105,1941.3,1650.105,653.605
T00397,11/17/2023,C040,P029,S002,3,0.05,"Mobile Money",4232.392499999999,4455.15,4232.392499999999,1267.4624999999992
T00398,10/14/2024,C146,P009,S002,4,0.1,"Bank Transfer",443.484,492.76,443.484,122.04399999999998
T00399,10/4/2023,C196,P017,S004,4,0.15,"Credit Card",4236.773999999999,4984.44,4236.773999999999,902.6939999999995
T00400,1/24/2024,C188,P006,S003,2,0.05,"Mobile Money",604.295,636.1,604.295,229.61499999999995
T00401,7/27/2024,C048,P047,S005,1,0,Cash,1197.18,1197.18,1197.18,474.44000000000005
T00402,5/13/2025,C172,P021,S001,1,0.15,"Credit Card",1043.154,1227.24,1043.154,66.06399999999996
T00403,5/4/2024,C162,P029,S002,1,0.05,Cash,1410.7975,1485.05,1410.7975,422.48749999999995
T00404,1/20/2025,C056,P048,S005,4,0.1,Cash,4378.896,4865.44,4378.896,1199.696
T00405,8/6/2024,C159,P022,S005,4,0.15,Cash,86.938,102.28,86.938,10.738
T00406,5/21/2025,C002,P031,S005,5,0.15,Cash,4656.81,5478.6,4656.81,545.8100000000004
T00407,6/13/2025,C005,P034,S005,3,0.1,Cash,1155.7350000000001,1284.15,1155.7350000000001,417.5250000000001
T00408,12/22/2024,C129,P015,S004,2,0,Cash,540.9,540.9,540.9,165.7
T00409,1/21/2025,C135,P037,S002,2,0.05,"Bank Transfer",3710.035,3905.3,3710.035,807.4949999999999
T00410,5/18/2024,C091,P048,S003,4,0,"Bank Transfer",4865.44,4865.44,4865.44,1686.2399999999998
T00411,9/24/2024,C104,P002,S004,5,0.05,"Credit Card",3889.11,4093.8,3889.11,1251.0100000000002
T00412,10/3/2023,C077,P005,S001,1,0,"Mobile Money",1396.22,1396.22,1396.22,392.13
T00413,1/20/2024,C098,P030,S004,5,0.15,Cash,124.26999999999998,146.2,124.26999999999998,47.86999999999999
T00414,9/19/2023,C164,P034,S001,2,0,"Mobile Money",856.1,856.1,856.1,363.96000000000004
T00415,6/13/2025,C112,P029,S003,5,0,Cash,7425.25,7425.25,7425.25,2483.7000000000007
T00416,4/18/2025,C059,P036,S002,5,0.15,"Bank Transfer",6381.205,7507.3,6381.205,542.5550000000003
T00417,10/19/2023,C012,P004,S001,3,0,"Credit Card",5561.3099999999995,5561.3099999999995,5561.3099999999995,1470.7499999999995
T00418,11/12/2024,C081,P033,S001,2,0.05,"Mobile Money",3418.0429999999997,3597.94,3418.0429999999997,759.7429999999995
T00419,1/30/2024,C020,P029,S003,2,0.05,"Mobile Money",2821.595,2970.1,2821.595,844.9749999999999
T00420,3/30/2024,C174,P029,S005,3,0.15,"Credit Card",3786.8774999999996,4455.15,3786.8774999999996,821.9474999999998
T00421,11/28/2023,C177,P019,S001,5,0.1,Cash,7933.14,8814.6,7933.14,1200.7400000000007
T00422,7/13/2025,C026,P046,S004,2,0,"Bank Transfer",2330.74,2330.74,2330.74,477.6399999999999
T00423,12/6/2023,C155,P001,S005,5,0.15,"Bank Transfer",7113.182500000001,8368.45,7113.182500000001,496.28250000000025
T00424,4/13/2024,C008,P014,S003,4,0.15,"Credit Card",4565.349999999999,5371,4565.349999999999,1373.5899999999992
T00425,10/9/2024,C092,P004,S005,4,0.15,"Credit Card",6302.818,7415.08,6302.818,848.7380000000003
T00426,9/11/2023,C175,P024,S005,4,0,"Bank Transfer",5949.64,5949.64,5949.64,2697.36
T00427,12/10/2024,C064,P030,S001,1,0.1,"Credit Card",26.316,29.24,26.316,11.036
T00428,8/30/2025,C098,P033,S002,4,0.1,"Bank Transfer",6476.292,7195.88,6476.292,1159.692
T00429,2/18/2024,C028,P010,S001,1,0.1,"Mobile Money",1074.7079999999999,1194.12,1074.7079999999999,235.7579999999998
T00430,3/3/2024,C093,P026,S003,1,0.05,Cash,964.972,1015.76,964.972,380.572
T00431,1/10/2024,C048,P015,S004,4,0.15,Cash,919.53,1081.8,919.53,169.13
T00432,12/18/2023,C007,P048,S001,3,0,"Bank Transfer",3649.08,3649.08,3649.08,1264.6800000000003
T00433,2/12/2024,C099,P010,S001,3,0.15,"Mobile Money",3045.006,3582.3599999999997,3045.006,528.1559999999995
T00434,2/21/2025,C200,P030,S001,5,0.05,"Credit Card",138.89,146.2,138.89,62.489999999999995
T00435,2/20/2025,C176,P028,S004,2,0.05,"Bank Transfer",1280.1819999999998,1347.56,1280.1819999999998,553.5219999999998
T00436,3/16/2024,C078,P011,S003,4,0.05,Cash,944.5659999999999,994.28,944.5659999999999,181.88599999999997
T00437,3/20/2024,C043,P025,S004,3,0.15,"Bank Transfer",1094.3324999999998,1287.4499999999998,1094.3324999999998,318.1724999999997
T00438,5/29/2025,C124,P027,S001,3,0.1,"Credit Card",3435.021,3816.69,3435.021,577.0710000000004
T00439,5/15/2024,C185,P046,S004,5,0.05,"Mobile Money",5535.507499999999,5826.849999999999,5535.507499999999,902.7574999999988
T00440,9/26/2023,C028,P048,S002,3,0,"Mobile Money",3649.08,3649.08,3649.08,1264.6800000000003
T00441,8/28/2025,C086,P012,S005,4,0.1,"Mobile Money",4295.124,4772.36,4295.124,1022.1639999999998
T00442,8/17/2024,C086,P027,S004,5,0.05,"Bank Transfer",6043.0925,6361.15,6043.0925,1279.8424999999997
T00443,4/6/2025,C083,P028,S005,2,0.15,"Bank Transfer",1145.426,1347.56,1145.426,418.76599999999996
T00444,4/1/2024,C046,P018,S004,3,0.1,"Mobile Money",2915.703,3239.67,2915.703,804.2129999999997
T00445,1/17/2025,C148,P002,S002,3,0.15,"Bank Transfer",2087.8379999999997,2456.2799999999997,2087.8379999999997,504.9779999999996
T00446,10/12/2024,C101,P016,S003,1,0.05,"Credit Card",1765.8125,1858.75,1765.8125,314.6524999999999
T00447,5/2/2025,C175,P015,S005,1,0.15,"Credit Card",229.8825,270.45,229.8825,42.2825
T00448,3/31/2024,C113,P044,S003,1,0.15,"Mobile Money",1093.5674999999999,1286.55,1093.5674999999999,296.0274999999999
T00449,1/2/2025,C036,P038,S003,2,0.1,"Credit Card",660.474,733.86,660.474,90.01400000000001
T00450,5/29/2025,C184,P017,S004,4,0,"Mobile Money",4984.44,4984.44,4984.44,1650.3599999999997
T00451,10/24/2024,C154,P041,S004,5,0.15,"Mobile Money",6948.7925,8175.05,6948.7925,1732.3424999999997
T00452,3/31/2025,C140,P033,S001,3,0,Cash,5396.91,5396.91,5396.91,1409.4599999999996
T00453,1/1/2024,C197,P010,S002,3,0.05,Cash,3403.2419999999997,3582.3599999999997,3403.2419999999997,886.3919999999994
T00454,7/1/2025,C145,P036,S004,3,0.15,Cash,3828.723,4504.38,3828.723,325.5329999999999
T00455,7/15/2025,C003,P030,S001,3,0.05,"Credit Card",83.33399999999999,87.72,83.33399999999999,37.49399999999999
T00456,1/17/2025,C115,P043,S003,4,0.15,"Credit Card",1919.0279999999998,2257.68,1919.0279999999998,743.1879999999999
T00457,4/27/2025,C089,P045,S001,4,0,"Bank Transfer",7516.32,7516.32,7516.32,3498.08
T00458,7/4/2025,C107,P035,S001,1,0.05,"Bank Transfer",1484.3085,1562.43,1484.3085,288.6785
T00459,11/7/2023,C080,P015,S003,4,0.05,"Mobile Money",1027.7099999999998,1081.8,1027.7099999999998,277.30999999999983
T00460,3/10/2025,C090,P028,S004,1,0.15,"Mobile Money",572.713,673.78,572.713,209.38299999999998
T00461,1/15/2025,C082,P012,S001,3,0,Cash,3579.2699999999995,3579.2699999999995,3579.2699999999995,1124.5499999999993
T00462,12/6/2023,C006,P043,S003,1,0.05,"Credit Card",536.199,564.42,536.199,242.23899999999998
T00463,11/9/2024,C133,P038,S002,5,0.05,"Bank Transfer",1742.9175,1834.65,1742.9175,316.7674999999999
T00464,6/4/2024,C144,P012,S004,4,0.05,"Mobile Money",4533.741999999999,4772.36,4533.741999999999,1260.7819999999992
T00465,8/12/2024,C162,P049,S002,2,0.15,"Mobile Money",660.0419999999999,776.52,660.0419999999999,261.4419999999999
T00466,10/3/2024,C008,P007,S005,2,0.15,"Mobile Money",2506.004,2948.24,2506.004,977.9639999999999
T00467,7/8/2024,C100,P011,S001,2,0.05,"Bank Transfer",472.28299999999996,497.14,472.28299999999996,90.94299999999998
T00468,6/11/2024,C193,P028,S001,5,0,"Credit Card",3368.8999999999996,3368.8999999999996,3368.8999999999996,1552.2499999999998
T00469,10/30/2024,C094,P030,S003,2,0.15,Cash,49.708,58.48,49.708,19.148
T00470,6/4/2025,C068,P048,S004,5,0.1,"Mobile Money",5473.62,6081.799999999999,5473.62,1499.62
T00471,11/4/2023,C157,P049,S004,5,0,"Bank Transfer",1941.3,1941.3,1941.3,944.8
T00472,12/9/2024,C091,P019,S004,5,0.05,"Bank Transfer",8373.87,8814.6,8373.87,1641.4700000000012
T00473,9/26/2024,C158,P013,S005,1,0.05,"Bank Transfer",1078.06,1134.8,1078.06,402.9599999999999
T00474,1/6/2024,C031,P026,S002,3,0,"Credit Card",3047.2799999999997,3047.2799999999997,3047.2799999999997,1294.08
T00475,3/13/2025,C096,P003,S002,5,0.15,"Mobile Money",1434.9275,1688.15,1434.9275,589.7775
T00476,5/29/2024,C153,P016,S002,5,0.15,"Mobile Money",7899.6875,9293.75,7899.6875,643.8874999999998
T00477,3/27/2025,C048,P029,S004,5,0.05,"Credit Card",7053.987499999999,7425.25,7053.987499999999,2112.4375
T00478,6/23/2024,C126,P013,S003,2,0.05,"Bank Transfer",2156.12,2269.6,2156.12,805.9199999999998
T00479,11/9/2024,C116,P025,S005,1,0.1,Cash,386.235,429.15,386.235,127.51499999999999
T00480,12/8/2024,C125,P004,S002,2,0.15,"Mobile Money",3151.409,3707.54,3151.409,424.36900000000014
T00481,12/26/2024,C105,P032,S004,4,0.15,"Mobile Money",1036.014,1218.84,1036.014,379.97399999999993
T00482,7/5/2024,C043,P006,S001,5,0,"Credit Card",1590.25,1590.25,1590.25,653.55
T00483,9/16/2023,C075,P009,S001,3,0.05,"Bank Transfer",351.0915,369.57,351.0915,110.01150000000001
T00484,8/30/2025,C044,P029,S004,5,0.15,Cash,6311.4625,7425.25,6311.4625,1369.9125000000004
T00485,8/13/2025,C147,P028,S001,3,0.1,Cash,1819.206,2021.34,1819.206,729.2159999999999
T00486,10/28/2024,C195,P027,S004,5,0.05,"Mobile Money",6043.0925,6361.15,6043.0925,1279.8424999999997
T00487,4/13/2024,C027,P013,S002,3,0,"Mobile Money",3404.3999999999996,3404.3999999999996,3404.3999999999996,1379.0999999999995
T00488,4/23/2024,C068,P012,S003,1,0.15,Cash,1014.1264999999999,1193.09,1014.1264999999999,195.88649999999984
T00489,3/19/2025,C199,P009,S002,2,0.1,"Mobile Money",221.742,246.38,221.742,61.02199999999999
T00490,5/29/2025,C043,P043,S005,2,0.05,"Credit Card",1072.398,1128.84,1072.398,484.47799999999995
T00491,10/13/2024,C016,P028,S005,3,0.1,"Credit Card",1819.206,2021.34,1819.206,729.2159999999999
T00492,4/29/2025,C083,P004,S003,3,0.1,Cash,5005.179,5561.3099999999995,5005.179,914.6190000000001
T00493,3/9/2025,C035,P048,S004,1,0.1,"Credit Card",1094.724,1216.36,1094.724,299.924
T00494,1/6/2024,C180,P034,S002,2,0.05,"Bank Transfer",813.295,856.1,813.295,321.155
T00495,7/18/2024,C064,P019,S004,4,0.05,"Bank Transfer",6699.096,7051.68,6699.096,1313.1759999999995
T00496,10/5/2024,C161,P043,S004,4,0.15,Cash,1919.0279999999998,2257.68,1919.0279999999998,743.1879999999999
T00497,1/5/2025,C163,P042,S001,4,0.1,"Bank Transfer",1633.0320000000002,1814.48,1633.0320000000002,366.51200000000017
T00498,6/19/2024,C117,P029,S004,3,0,Cash,4455.15,4455.15,4455.15,1490.2199999999998
T00499,8/13/2025,C188,P030,S004,3,0,"Mobile Money",87.72,87.72,87.72,41.88
T00500,4/25/2024,C056,P050,S004,2,0.15,"Bank Transfer",1775.8880000000001,2089.28,1775.8880000000001,225.74800000000005
T00501,12/4/2023,C083,P004,S003,3,0.05,"Mobile Money",5283.244499999999,5561.3099999999995,5283.244499999999,1192.684499999999
T00502,7/18/2025,C088,P035,S001,1,0,"Mobile Money",1562.43,1562.43,1562.43,366.79999999999995
T00503,11/26/2024,C005,P015,S001,2,0.15,"Mobile Money",459.765,540.9,459.765,84.565
T00504,8/28/2025,C001,P029,S004,2,0.05,"Bank Transfer",2821.595,2970.1,2821.595,844.9749999999999
T00505,4/25/2025,C041,P045,S003,1,0.1,"Bank Transfer",1691.172,1879.08,1691.172,686.6120000000001
T00506,12/12/2023,C022,P033,S003,2,0,"Mobile Money",3597.94,3597.94,3597.94,939.6399999999999
T00507,1/31/2025,C161,P045,S003,2,0.15,Cash,3194.4359999999997,3758.16,3194.4359999999997,1185.3159999999998
T00508,8/28/2024,C181,P018,S001,1,0.05,"Mobile Money",1025.8955,1079.89,1025.8955,322.06550000000004
T00509,7/3/2025,C020,P029,S002,5,0.05,"Mobile Money",7053.987499999999,7425.25,7053.987499999999,2112.4375
T00510,12/28/2023,C003,P007,S001,3,0,"Mobile Money",4422.36,4422.36,4422.36,2130.2999999999997
T00511,2/16/2024,C178,P011,S002,4,0,"Credit Card",994.28,994.28,994.28,231.60000000000002
T00512,1/3/2024,C099,P019,S001,1,0,"Bank Transfer",1762.92,1762.92,1762.92,416.44000000000005
T00513,12/13/2024,C095,P043,S003,2,0.15,"Credit Card",959.5139999999999,1128.84,959.5139999999999,371.59399999999994
T00514,8/15/2025,C165,P004,S002,1,0,"Credit Card",1853.77,1853.77,1853.77,490.25
T00515,1/1/2025,C113,P002,S003,2,0.05,"Mobile Money",1555.644,1637.52,1555.644,500.404
T00516,12/2/2023,C158,P038,S004,2,0,Cash,733.86,733.86,733.86,163.39999999999998
T00517,6/2/2024,C036,P050,S001,5,0.15,"Bank Transfer",4439.72,5223.200000000001,4439.72,564.3699999999999
T00518,7/13/2024,C110,P023,S003,2,0.05,"Bank Transfer",3569.093,3756.94,3569.093,1539.273
T00519,8/25/2025,C166,P042,S001,2,0.1,Cash,816.5160000000001,907.24,816.5160000000001,183.25600000000009
T00520,8/24/2025,C169,P040,S003,2,0.05,"Mobile Money",3316.6589999999997,3491.22,3316.6589999999997,671.7789999999995
T00521,9/1/2024,C076,P028,S001,2,0.15,"Mobile Money",1145.426,1347.56,1145.426,418.76599999999996
T00522,12/23/2023,C029,P001,S002,4,0,Cash,6694.76,6694.76,6694.76,1401.2399999999998
T00523,8/12/2025,C093,P046,S003,2,0.15,"Mobile Money",1981.1289999999997,2330.74,1981.1289999999997,128.02899999999977
T00524,1/25/2024,C094,P049,S005,2,0.15,Cash,660.0419999999999,776.52,660.0419999999999,261.4419999999999
T00525,8/18/2024,C005,P016,S005,1,0,"Bank Transfer",1858.75,1858.75,1858.75,407.5899999999999
T00526,10/21/2024,C056,P010,S001,1,0.15,"Bank Transfer",1015.0019999999998,1194.12,1015.0019999999998,176.0519999999998
T00527,11/26/2024,C161,P047,S005,4,0.15,"Mobile Money",4070.4120000000003,4788.72,4070.4120000000003,1179.4520000000002
T00528,5/28/2024,C022,P047,S005,5,0.05,"Bank Transfer",5686.6050000000005,5985.900000000001,5686.6050000000005,2072.9050000000007
T00529,4/30/2025,C022,P031,S003,1,0.05,"Credit Card",1040.934,1095.72,1040.934,218.73399999999992
T00530,5/14/2025,C138,P014,S003,4,0,"Bank Transfer",5371,5371,5371,2179.24
T00531,10/14/2023,C179,P030,S004,2,0,"Credit Card",58.48,58.48,58.48,27.919999999999998
T00532,4/23/2025,C023,P031,S004,1,0.15,Cash,931.362,1095.72,931.362,109.16199999999992
T00533,11/22/2023,C080,P023,S002,1,0,"Credit Card",1878.47,1878.47,1878.47,863.5600000000001
T00534,6/30/2025,C180,P048,S001,2,0.15,"Bank Transfer",2067.812,2432.72,2067.812,478.212
T00535,3/13/2024,C134,P017,S005,3,0.05,"Bank Transfer",3551.4134999999997,3738.33,3551.4134999999997,1050.8534999999997
T00536,9/16/2023,C033,P047,S003,1,0,"Bank Transfer",1197.18,1197.18,1197.18,474.44000000000005
T00537,11/18/2024,C110,P032,S003,5,0,"Bank Transfer",1523.55,1523.55,1523.55,703.5
T00538,5/24/2025,C183,P026,S005,1,0.15,"Mobile Money",863.396,1015.76,863.396,278.996
T00539,7/31/2025,C131,P009,S003,1,0.15,"Credit Card",104.7115,123.19,104.7115,24.3515
T00540,9/18/2024,C095,P021,S002,3,0,Cash,3681.7200000000003,3681.7200000000003,3681.7200000000003,750.4500000000003
T00541,8/23/2024,C059,P024,S005,1,0,Cash,1487.41,1487.41,1487.41,674.34
T00542,8/28/2025,C063,P004,S001,4,0.1,"Mobile Money",6673.572,7415.08,6673.572,1219.4920000000002
T00543,3/8/2024,C039,P008,S002,1,0.15,"Credit Card",93.313,109.78,93.313,22.723
T00544,10/29/2023,C083,P039,S002,4,0.1,"Bank Transfer",1947.3840000000002,2163.76,1947.3840000000002,354.38400000000024
T00545,1/9/2025,C020,P040,S005,3,0,Cash,5236.83,5236.83,5236.83,1269.5099999999998
T00546,6/15/2025,C046,P006,S002,5,0,"Mobile Money",1590.25,1590.25,1590.25,653.55
T00547,11/24/2023,C018,P042,S004,3,0.1,"Bank Transfer",1224.7740000000001,1360.8600000000001,1224.7740000000001,274.8840000000001
T00548,9/18/2023,C023,P047,S005,4,0,"Bank Transfer",4788.72,4788.72,4788.72,1897.7600000000002
T00549,12/26/2023,C052,P031,S003,5,0.1,"Credit Card",4930.740000000001,5478.6,4930.740000000001,819.7400000000007
T00550,12/16/2024,C119,P047,S003,5,0.15,"Credit Card",5088.015,5985.900000000001,5088.015,1474.3150000000005
T00551,12/25/2023,C188,P050,S005,2,0.05,Cash,1984.816,2089.28,1984.816,434.67599999999993
T00552,2/14/2025,C105,P009,S001,2,0.1,Cash,221.742,246.38,221.742,61.02199999999999
T00553,10/10/2024,C086,P031,S001,4,0.1,Cash,3944.592,4382.88,3944.592,655.7919999999999
T00554,6/19/2024,C053,P029,S005,2,0.15,"Mobile Money",2524.585,2970.1,2524.585,547.9650000000001
T00555,2/18/2025,C016,P046,S002,3,0,Cash,3496.1099999999997,3496.1099999999997,3496.1099999999997,716.46
T00556,2/3/2025,C060,P024,S005,4,0.1,"Mobile Money",5354.676,5949.64,5354.676,2102.396
T00557,10/13/2024,C192,P045,S001,5,0,"Credit Card",9395.4,9395.4,9395.4,4372.6
T00558,11/3/2024,C164,P045,S004,1,0,"Mobile Money",1879.08,1879.08,1879.08,874.52
T00559,1/25/2024,C170,P004,S002,2,0.1,"Bank Transfer",3336.786,3707.54,3336.786,609.7460000000001
T00560,7/23/2024,C081,P029,S004,3,0.1,"Mobile Money",4009.6349999999998,4455.15,4009.6349999999998,1044.705
T00561,11/20/2024,C070,P050,S002,1,0.05,"Credit Card",992.408,1044.64,992.408,217.33799999999997
T00562,9/14/2023,C200,P036,S005,1,0.05,Cash,1426.387,1501.46,1426.387,258.6569999999999
T00563,5/7/2024,C043,P039,S004,4,0.1,"Mobile Money",1947.3840000000002,2163.76,1947.3840000000002,354.38400000000024
T00564,4/7/2024,C031,P049,S005,3,0.05,"Mobile Money",1106.541,1164.78,1106.541,508.64099999999985
T00565,7/17/2025,C079,P036,S004,3,0,Cash,4504.38,4504.38,4504.38,1001.19
T00566,3/16/2024,C041,P006,S003,5,0,"Credit Card",1590.25,1590.25,1590.25,653.55
T00567,3/23/2024,C084,P031,S002,1,0.05,"Bank Transfer",1040.934,1095.72,1040.934,218.73399999999992
T00568,4/1/2025,C102,P045,S005,1,0.1,"Bank Transfer",1691.172,1879.08,1691.172,686.6120000000001
T00569,7/27/2024,C045,P037,S001,4,0.15,"Credit Card",6639.01,7810.6,6639.01,833.9300000000003
T00570,3/11/2024,C025,P011,S004,1,0.05,Cash,236.14149999999998,248.57,236.14149999999998,45.47149999999999
T00571,12/16/2023,C004,P003,S001,2,0.05,"Credit Card",641.497,675.26,641.497,303.43699999999995
T00572,7/30/2025,C103,P050,S003,1,0.1,Cash,940.1760000000002,1044.64,940.1760000000002,165.1060000000001
T00573,7/12/2025,C006,P012,S001,2,0.15,"Credit Card",2028.2529999999997,2386.18,2028.2529999999997,391.7729999999997
T00574,12/7/2023,C024,P014,S003,1,0,"Mobile Money",1342.75,1342.75,1342.75,544.81
T00575,3/29/2025,C013,P020,S002,5,0.15,"Mobile Money",1376.66,1619.6000000000001,1376.66,161.76000000000022
T00576,7/12/2024,C128,P049,S001,4,0.15,"Credit Card",1320.0839999999998,1553.04,1320.0839999999998,522.8839999999998
T00577,1/5/2025,C091,P037,S002,2,0.1,"Bank Transfer",3514.7700000000004,3905.3,3514.7700000000004,612.2300000000005
T00578,12/19/2024,C115,P028,S002,1,0.05,"Bank Transfer",640.0909999999999,673.78,640.0909999999999,276.7609999999999
T00579,1/9/2024,C128,P018,S004,5,0.15,Cash,4589.5325,5399.450000000001,4589.5325,1070.3825000000002
T00580,9/30/2023,C023,P046,S003,4,0.05,"Mobile Money",4428.405999999999,4661.48,4428.405999999999,722.2059999999992
T00581,1/1/2025,C052,P025,S005,2,0,"Mobile Money",858.3,858.3,858.3,340.8599999999999
T00582,7/1/2025,C183,P047,S003,4,0.15,"Bank Transfer",4070.4120000000003,4788.72,4070.4120000000003,1179.4520000000002
T00583,4/25/2025,C145,P047,S005,3,0.15,"Bank Transfer",3052.8089999999997,3591.54,3052.8089999999997,884.5889999999995
T00584,10/1/2024,C047,P050,S001,3,0.05,Cash,2977.2239999999997,3133.92,2977.2239999999997,652.0139999999997
T00585,3/21/2024,C200,P027,S003,1,0.15,"Bank Transfer",1081.3955,1272.23,1081.3955,128.7455000000001
T00586,2/2/2024,C197,P039,S005,2,0.05,Cash,1027.786,1081.88,1027.786,231.28600000000006
T00587,5/14/2024,C064,P017,S002,3,0,"Credit Card",3738.33,3738.33,3738.33,1237.77
T00588,1/13/2024,C148,P019,S004,3,0.05,"Credit Card",5024.322,5288.76,5024.322,984.8820000000001
T00589,4/2/2025,C061,P025,S005,3,0.1,Cash,1158.705,1287.4499999999998,1158.705,382.54499999999985
T00590,12/9/2024,C181,P047,S003,5,0.05,"Credit Card",5686.6050000000005,5985.900000000001,5686.6050000000005,2072.9050000000007
T00591,5/4/2024,C127,P011,S005,3,0.05,"Mobile Money",708.4245,745.71,708.4245,136.41449999999998
T00592,2/3/2024,C010,P005,S001,1,0.05,"Credit Card",1326.4089999999999,1396.22,1326.4089999999999,322.31899999999985
T00593,3/31/2025,C006,P015,S005,4,0,"Bank Transfer",1081.8,1081.8,1081.8,331.4
T00594,7/16/2025,C158,P024,S002,2,0.1,"Credit Card",2677.338,2974.82,2677.338,1051.198
T00595,9/12/2023,C083,P028,S001,1,0.05,"Credit Card",640.0909999999999,673.78,640.0909999999999,276.7609999999999
T00596,12/6/2024,C199,P008,S001,5,0.1,Cash,494.01,548.9,494.01,141.05999999999995
T00597,8/20/2024,C096,P039,S004,5,0,"Bank Transfer",2704.7000000000003,2704.7000000000003,2704.7000000000003,713.4500000000003
T00598,12/27/2024,C078,P043,S003,2,0.05,"Mobile Money",1072.398,1128.84,1072.398,484.47799999999995
T00599,3/29/2024,C164,P040,S004,3,0.05,"Bank Transfer",4974.9884999999995,5236.83,4974.9884999999995,1007.6684999999993
T00600,8/16/2025,C058,P050,S005,2,0.15,"Bank Transfer",1775.8880000000001,2089.28,1775.8880000000001,225.74800000000005
T00601,6/10/2025,C188,P016,S003,2,0.05,Cash,3531.625,3717.5,3531.625,629.3049999999998
T00602,6/5/2024,C180,P020,S005,4,0,"Credit Card",1295.68,1295.68,1295.68,323.7600000000001
T00603,6/25/2024,C155,P009,S003,5,0.05,Cash,585.1525,615.95,585.1525,183.35250000000002
T00604,11/26/2023,C128,P032,S002,3,0,"Credit Card",914.1299999999999,914.1299999999999,914.1299999999999,422.0999999999999
T00605,7/1/2024,C089,P003,S003,2,0,"Bank Transfer",675.26,675.26,675.26,337.2
T00606,3/4/2024,C115,P036,S001,3,0.05,"Credit Card",4279.161,4504.38,4279.161,775.971
T00607,5/28/2025,C178,P015,S001,3,0.1,Cash,730.2149999999999,811.3499999999999,730.2149999999999,167.41499999999996
T00608,6/5/2024,C185,P003,S001,1,0.15,"Mobile Money",286.9855,337.63,286.9855,117.9555
T00609,9/25/2023,C188,P044,S004,2,0.15,"Mobile Money",2187.1349999999998,2573.1,2187.1349999999998,592.0549999999998
T00610,4/5/2024,C097,P026,S003,5,0.15,Cash,4316.9800000000005,5078.8,4316.9800000000005,1394.9800000000005
T00611,5/12/2025,C123,P010,S005,2,0.05,"Mobile Money",2268.8279999999995,2388.24,2268.8279999999995,590.9279999999994
T00612,4/26/2024,C019,P030,S001,3,0,"Bank Transfer",87.72,87.72,87.72,41.88
T00613,8/31/2025,C067,P013,S001,1,0.1,"Credit Card",1021.3199999999999,1134.8,1021.3199999999999,346.2199999999999
T00614,7/29/2025,C097,P025,S002,1,0,"Bank Transfer",429.15,429.15,429.15,170.42999999999995
T00615,2/28/2024,C153,P033,S005,4,0,"Mobile Money",7195.88,7195.88,7195.88,1879.2799999999997
T00616,1/10/2025,C168,P023,S002,5,0.15,"Credit Card",7983.4975,9392.35,7983.4975,2908.9475
T00617,1/23/2024,C014,P007,S001,3,0.05,"Credit Card",4201.241999999999,4422.36,4201.241999999999,1909.1819999999993
T00618,8/8/2025,C105,P036,S005,5,0.1,"Bank Transfer",6756.570000000001,7507.3,6756.570000000001,917.920000000001
T00619,7/2/2024,C077,P017,S002,1,0,"Mobile Money",1246.11,1246.11,1246.11,412.5899999999999
T00620,8/21/2024,C147,P034,S005,4,0.05,Cash,1626.59,1712.2,1626.59,642.31
T00621,8/27/2024,C093,P040,S001,4,0,"Bank Transfer",6982.44,6982.44,6982.44,1692.6799999999994
T00622,3/6/2024,C170,P016,S005,4,0.05,Cash,7063.25,7435,7063.25,1258.6099999999997
T00623,3/12/2025,C007,P020,S002,2,0.1,Cash,583.056,647.84,583.056,97.09600000000006
T00624,9/21/2024,C122,P020,S001,3,0.15,"Mobile Money",825.996,971.76,825.996,97.05600000000004
T00625,12/7/2023,C126,P038,S003,1,0.15,"Credit Card",311.8905,366.93,311.8905,26.660499999999956
T00626,11/17/2023,C095,P020,S004,3,0.05,"Mobile Money",923.1719999999999,971.76,923.1719999999999,194.23199999999997
T00627,6/24/2025,C012,P016,S003,4,0.15,"Bank Transfer",6319.75,7435,6319.75,515.1099999999997
T00628,10/7/2024,C058,P041,S003,5,0,"Credit Card",8175.05,8175.05,8175.05,2958.6000000000004
T00629,1/22/2025,C193,P031,S001,1,0.1,"Mobile Money",986.148,1095.72,986.148,163.94799999999998
T00630,3/4/2024,C194,P018,S005,2,0,"Mobile Money",2159.78,2159.78,2159.78,752.1200000000001
T00631,11/12/2023,C134,P008,S004,5,0.15,"Credit Card",466.56499999999994,548.9,466.56499999999994,113.6149999999999
T00632,8/30/2024,C122,P031,S003,1,0.15,Cash,931.362,1095.72,931.362,109.16199999999992
T00633,7/16/2025,C129,P010,S005,5,0.05,Cash,5672.069999999999,5970.599999999999,5672.069999999999,1477.3199999999988
T00634,12/24/2024,C194,P048,S004,2,0.05,"Credit Card",2311.084,2432.72,2311.084,721.4839999999999
T00635,1/18/2024,C050,P044,S002,1,0.15,Cash,1093.5674999999999,1286.55,1093.5674999999999,296.0274999999999
T00636,12/17/2024,C175,P011,S004,2,0.05,"Bank Transfer",472.28299999999996,497.14,472.28299999999996,90.94299999999998
T00637,9/10/2023,C082,P008,S001,1,0.15,"Mobile Money",93.313,109.78,93.313,22.723
T00638,9/20/2024,C142,P008,S003,3,0.15,Cash,279.939,329.34000000000003,279.939,68.16900000000001
T00639,4/3/2024,C180,P018,S005,5,0.15,Cash,4589.5325,5399.450000000001,4589.5325,1070.3825000000002
T00640,12/23/2023,C107,P039,S002,2,0,Cash,1081.88,1081.88,1081.88,285.3800000000001
T00641,2/14/2024,C145,P038,S001,3,0.1,"Mobile Money",990.711,1100.79,990.711,135.02099999999996
T00642,4/1/2024,C068,P037,S004,4,0.15,Cash,6639.01,7810.6,6639.01,833.9300000000003
T00643,2/12/2024,C045,P043,S003,4,0.05,"Mobile Money",2144.796,2257.68,2144.796,968.9559999999999
T00644,4/26/2024,C010,P014,S004,3,0.05,Cash,3826.8374999999996,4028.25,3826.8374999999996,1433.0174999999995
T00645,2/20/2024,C191,P041,S004,3,0.1,Cash,4414.527,4905.03,4414.527,1284.6570000000002
T00646,3/18/2025,C087,P037,S003,3,0.1,"Mobile Money",5272.155000000001,5857.950000000001,5272.155000000001,918.3450000000012
T00647,12/4/2023,C179,P041,S001,2,0.05,"Bank Transfer",3106.519,3270.02,3106.519,1019.9389999999999
T00648,1/18/2025,C191,P033,S004,3,0.1,"Mobile Money",4857.219,5396.91,4857.219,869.7689999999998
T00649,9/2/2025,C155,P043,S001,2,0.15,"Credit Card",959.5139999999999,1128.84,959.5139999999999,371.59399999999994
T00650,7/5/2025,C105,P016,S004,5,0.1,Cash,8364.375,9293.75,8364.375,1108.5749999999998
T00651,11/8/2023,C132,P045,S002,1,0.1,"Mobile Money",1691.172,1879.08,1691.172,686.6120000000001
T00652,4/25/2024,C035,P025,S005,5,0,"Credit Card",2145.75,2145.75,2145.75,852.1499999999999
T00653,6/16/2024,C050,P044,S002,1,0.05,Cash,1222.2224999999999,1286.55,1222.2224999999999,424.6824999999999
T00654,3/23/2024,C117,P045,S001,3,0.05,"Bank Transfer",5355.378,5637.24,5355.378,2341.698
T00655,1/9/2025,C095,P021,S004,5,0.15,Cash,5215.7699999999995,6136.2,5215.7699999999995,330.3199999999997
T00656,11/27/2024,C175,P009,S001,2,0.1,"Mobile Money",221.742,246.38,221.742,61.02199999999999
T00657,10/28/2024,C153,P015,S004,2,0.15,"Bank Transfer",459.765,540.9,459.765,84.565
T00658,12/14/2024,C089,P046,S002,3,0,"Bank Transfer",3496.1099999999997,3496.1099999999997,3496.1099999999997,716.46
T00659,8/12/2024,C008,P036,S004,1,0.05,"Credit Card",1426.387,1501.46,1426.387,258.6569999999999
T00660,12/5/2023,C057,P023,S002,2,0.1,"Mobile Money",3381.246,3756.94,3381.246,1351.4260000000002
T00661,10/4/2024,C132,P024,S001,1,0.15,"Credit Card",1264.2985,1487.41,1264.2985,451.22850000000005
T00662,6/6/2024,C166,P014,S002,5,0,"Credit Card",6713.75,6713.75,6713.75,2724.0499999999997
T00663,2/21/2024,C065,P004,S005,3,0.1,"Mobile Money",5005.179,5561.3099999999995,5005.179,914.6190000000001
T00664,3/21/2025,C097,P032,S003,4,0.1,"Credit Card",1096.956,1218.84,1096.956,440.91599999999994
T00665,4/11/2025,C120,P003,S003,5,0.15,Cash,1434.9275,1688.15,1434.9275,589.7775
T00666,1/27/2024,C002,P018,S005,3,0.1,"Bank Transfer",2915.703,3239.67,2915.703,804.2129999999997
T00667,7/12/2025,C176,P021,S001,4,0,"Bank Transfer",4908.96,4908.96,4908.96,1000.5999999999999
T00668,11/23/2023,C071,P048,S003,3,0.1,"Bank Transfer",3284.172,3649.08,3284.172,899.7720000000004
T00669,12/1/2023,C049,P032,S002,5,0.05,Cash,1447.3725,1523.55,1447.3725,627.3225
T00670,11/10/2024,C154,P001,S004,3,0.05,Cash,4770.0165,5021.07,4770.0165,799.8764999999994
T00671,8/5/2024,C168,P010,S004,3,0.1,"Mobile Money",3224.124,3582.3599999999997,3224.124,707.2739999999994
T00672,1/9/2024,C104,P023,S004,1,0.05,"Bank Transfer",1784.5465,1878.47,1784.5465,769.6365
T00673,3/16/2024,C186,P038,S002,5,0.15,"Bank Transfer",1559.4525,1834.65,1559.4525,133.3025
T00674,4/16/2025,C130,P021,S003,2,0.05,"Bank Transfer",2331.756,2454.48,2331.756,377.5759999999998
T00675,11/14/2024,C025,P036,S004,2,0.1,"Credit Card",2702.628,3002.92,2702.628,367.1680000000001
T00676,6/11/2024,C175,P027,S003,1,0.05,"Bank Transfer",1208.6185,1272.23,1208.6185,255.96850000000006
T00677,11/17/2023,C058,P029,S003,4,0.1,"Bank Transfer",5346.18,5940.2,5346.18,1392.9400000000005
T00678,10/12/2024,C067,P008,S005,3,0.15,Cash,279.939,329.34000000000003,279.939,68.16900000000001
T00679,2/18/2024,C121,P027,S001,5,0,"Mobile Money",6361.15,6361.15,6361.15,1597.8999999999996
T00680,8/7/2025,C050,P039,S005,1,0.15,"Bank Transfer",459.79900000000004,540.94,459.79900000000004,61.549000000000035
T00681,4/18/2024,C106,P020,S001,2,0.05,"Credit Card",615.448,647.84,615.448,129.488
T00682,9/16/2023,C088,P013,S004,5,0.15,"Credit Card",4822.9,5674,4822.9,1447.3999999999996
T00683,7/4/2025,C081,P030,S002,1,0.15,"Bank Transfer",24.854,29.24,24.854,9.574
T00684,9/2/2024,C162,P008,S002,3,0,Cash,329.34000000000003,329.34000000000003,329.34000000000003,117.57000000000002
T00685,9/14/2024,C116,P050,S003,2,0.05,"Credit Card",1984.816,2089.28,1984.816,434.67599999999993
T00686,9/29/2023,C126,P014,S001,2,0.15,"Mobile Money",2282.6749999999997,2685.5,2282.6749999999997,686.7949999999996
T00687,7/29/2025,C104,P032,S004,4,0.15,Cash,1036.014,1218.84,1036.014,379.97399999999993
T00688,6/17/2025,C010,P041,S005,2,0.1,Cash,2943.018,3270.02,2943.018,856.4380000000001
T00689,1/18/2024,C083,P028,S005,2,0,Cash,1347.56,1347.56,1347.56,620.9
T00690,5/15/2024,C161,P031,S002,2,0.1,"Bank Transfer",1972.296,2191.44,1972.296,327.89599999999996
T00691,12/6/2024,C034,P016,S001,4,0.1,"Credit Card",6691.5,7435,6691.5,886.8599999999997
T00692,6/19/2025,C017,P033,S001,3,0.1,"Mobile Money",4857.219,5396.91,4857.219,869.7689999999998
T00693,10/30/2023,C187,P024,S005,5,0.1,"Mobile Money",6693.345,7437.05,6693.345,2627.995
T00694,6/24/2025,C176,P019,S002,3,0.15,"Bank Transfer",4495.446,5288.76,4495.446,456.00599999999986
T00695,6/30/2024,C193,P050,S002,2,0.15,Cash,1775.8880000000001,2089.28,1775.8880000000001,225.74800000000005
T00696,9/28/2023,C059,P050,S002,2,0.05,Cash,1984.816,2089.28,1984.816,434.67599999999993
T00697,3/12/2024,C151,P028,S005,2,0,"Bank Transfer",1347.56,1347.56,1347.56,620.9
T00698,9/30/2023,C183,P035,S001,4,0.1,Cash,5624.7480000000005,6249.72,5624.7480000000005,842.2280000000001
T00699,2/19/2024,C153,P031,S001,1,0,Cash,1095.72,1095.72,1095.72,273.52
T00700,3/9/2024,C177,P039,S001,4,0.15,"Mobile Money",1839.1960000000001,2163.76,1839.1960000000001,246.19600000000014
T00701,10/1/2023,C032,P001,S005,3,0.15,"Credit Card",4267.9095,5021.07,4267.9095,297.7694999999994
T00702,3/30/2024,C053,P039,S001,3,0.15,Cash,1379.3970000000002,1622.8200000000002,1379.3970000000002,184.64700000000016
T00703,6/13/2025,C170,P025,S005,3,0.05,"Mobile Money",1223.0774999999999,1287.4499999999998,1223.0774999999999,446.9174999999998
T00704,10/8/2023,C027,P008,S005,5,0,"Bank Transfer",548.9,548.9,548.9,195.94999999999993
T00705,5/23/2024,C030,P007,S001,4,0.05,"Credit Card",5601.655999999999,5896.48,5601.655999999999,2545.575999999999
T00706,4/19/2024,C200,P014,S003,5,0.05,"Bank Transfer",6378.0625,6713.75,6378.0625,2388.3624999999997
T00707,2/14/2024,C181,P005,S004,3,0.05,Cash,3979.227,4188.66,3979.227,966.9569999999999
T00708,11/25/2024,C141,P038,S004,2,0.15,"Bank Transfer",623.781,733.86,623.781,53.32099999999991
T00709,4/10/2024,C061,P032,S001,1,0,Cash,304.71,304.71,304.71,140.7
T00710,6/3/2024,C147,P006,S004,2,0,Cash,636.1,636.1,636.1,261.42
T00711,6/5/2024,C186,P027,S001,3,0.05,"Mobile Money",3625.8554999999997,3816.69,3625.8554999999997,767.9054999999998
T00712,2/3/2024,C076,P001,S003,4,0,Cash,6694.76,6694.76,6694.76,1401.2399999999998
T00713,6/26/2024,C045,P008,S001,3,0.1,"Bank Transfer",296.40600000000006,329.34000000000003,296.40600000000006,84.63600000000005
T00714,12/20/2023,C110,P021,S001,1,0,Cash,1227.24,1227.24,1227.24,250.14999999999998
T00715,10/1/2023,C036,P029,S002,3,0.1,"Mobile Money",4009.6349999999998,4455.15,4009.6349999999998,1044.705
T00716,8/21/2025,C160,P044,S003,1,0.1,"Bank Transfer",1157.895,1286.55,1157.895,360.355
T00717,5/8/2024,C047,P049,S001,4,0.15,"Mobile Money",1320.0839999999998,1553.04,1320.0839999999998,522.8839999999998
T00718,7/25/2025,C070,P050,S004,4,0.15,"Credit Card",3551.7760000000003,4178.56,3551.7760000000003,451.4960000000001
T00719,7/24/2025,C029,P038,S002,1,0.05,Cash,348.5835,366.93,348.5835,63.3535
T00720,4/13/2025,C107,P017,S005,4,0.15,"Credit Card",4236.773999999999,4984.44,4236.773999999999,902.6939999999995
T00721,6/24/2024,C157,P001,S004,3,0,"Credit Card",5021.07,5021.07,5021.07,1050.9299999999994
T00722,5/12/2025,C124,P018,S004,1,0.15,"Mobile Money",917.9065,1079.89,917.9065,214.0765
T00723,7/26/2024,C012,P015,S001,3,0.1,Cash,730.2149999999999,811.3499999999999,730.2149999999999,167.41499999999996
T00724,6/14/2025,C181,P015,S005,5,0.05,"Bank Transfer",1284.6375,1352.25,1284.6375,346.63750000000005
T00725,3/20/2024,C133,P034,S005,5,0,"Mobile Money",2140.25,2140.25,2140.25,909.9000000000001
T00726,5/26/2024,C170,P037,S002,4,0.1,"Mobile Money",7029.540000000001,7810.6,7029.540000000001,1224.460000000001
T00727,11/13/2023,C039,P035,S005,5,0,Cash,7812.150000000001,7812.150000000001,7812.150000000001,1834
T00728,6/30/2024,C165,P014,S002,5,0.15,"Mobile Money",5706.6875,6713.75,5706.6875,1716.9874999999997
T00729,4/20/2025,C043,P019,S001,4,0.1,"Credit Card",6346.512000000001,7051.68,6346.512000000001,960.5920000000006
T00730,10/1/2024,C085,P026,S003,1,0.05,"Mobile Money",964.972,1015.76,964.972,380.572
T00731,4/5/2025,C104,P019,S002,1,0.15,"Mobile Money",1498.482,1762.92,1498.482,152.00199999999995
T00732,7/30/2025,C147,P004,S004,1,0.15,"Mobile Money",1575.7045,1853.77,1575.7045,212.18450000000007
T00733,9/1/2024,C081,P002,S001,4,0,Cash,3275.04,3275.04,3275.04,1164.56
T00734,11/19/2023,C104,P040,S004,1,0,Cash,1745.61,1745.61,1745.61,423.16999999999985
T00735,3/2/2025,C155,P005,S005,3,0.05,"Mobile Money",3979.227,4188.66,3979.227,966.9569999999999
T00736,8/16/2025,C088,P047,S003,1,0.05,"Mobile Money",1137.321,1197.18,1137.321,414.5809999999999
T00737,1/8/2024,C085,P016,S005,5,0.15,"Bank Transfer",7899.6875,9293.75,7899.6875,643.8874999999998
T00738,8/13/2024,C184,P040,S004,1,0,"Credit Card",1745.61,1745.61,1745.61,423.16999999999985
T00739,11/28/2024,C001,P005,S003,3,0.1,"Bank Transfer",3769.794,4188.66,3769.794,757.5239999999999
T00740,10/8/2023,C180,P037,S001,1,0.05,"Mobile Money",1855.0175,1952.65,1855.0175,403.74749999999995
T00741,10/12/2023,C036,P049,S004,1,0.1,"Credit Card",349.434,388.26,349.434,150.13400000000001
T00742,5/9/2024,C049,P017,S001,4,0.05,"Mobile Money",4735.218,4984.44,4735.218,1401.138
T00743,3/19/2024,C049,P004,S003,1,0.15,Cash,1575.7045,1853.77,1575.7045,212.18450000000007
T00744,6/12/2024,C163,P042,S005,1,0.15,"Mobile Money",385.577,453.62,385.577,68.947
T00745,4/9/2024,C169,P023,S005,5,0.05,"Mobile Money",8922.7325,9392.35,8922.7325,3848.1825
T00746,3/1/2025,C002,P037,S005,1,0.15,"Mobile Money",1659.7525,1952.65,1659.7525,208.48250000000007
T00747,9/28/2023,C131,P008,S002,5,0.05,"Credit Card",521.4549999999999,548.9,521.4549999999999,168.50499999999988
T00748,11/12/2024,C027,P022,S004,5,0.1,"Mobile Money",115.065,127.85,115.065,19.814999999999998
T00749,12/7/2023,C108,P010,S005,2,0.1,"Mobile Money",2149.4159999999997,2388.24,2149.4159999999997,471.5159999999996
T00750,12/30/2024,C088,P004,S003,4,0.05,"Credit Card",7044.326,7415.08,7044.326,1590.246
T00751,5/6/2025,C106,P009,S005,5,0.1,"Bank Transfer",554.355,615.95,554.355,152.555
T00752,7/21/2025,C183,P005,S005,2,0.05,"Credit Card",2652.8179999999998,2792.44,2652.8179999999998,644.6379999999997
T00753,2/2/2024,C160,P020,S003,3,0.05,"Credit Card",923.1719999999999,971.76,923.1719999999999,194.23199999999997
T00754,10/5/2023,C129,P013,S005,3,0,"Bank Transfer",3404.3999999999996,3404.3999999999996,3404.3999999999996,1379.0999999999995
T00755,11/5/2024,C144,P025,S004,5,0.15,"Bank Transfer",1823.8875,2145.75,1823.8875,530.2874999999999
T00756,6/9/2025,C109,P040,S001,5,0,Cash,8728.05,8728.05,8728.05,2115.8499999999985
T00757,9/18/2023,C098,P042,S002,1,0,"Credit Card",453.62,453.62,453.62,136.99
T00758,12/29/2024,C069,P004,S002,3,0.1,"Credit Card",5005.179,5561.3099999999995,5005.179,914.6190000000001
T00759,9/19/2023,C016,P006,S003,2,0,"Bank Transfer",636.1,636.1,636.1,261.42
T00760,4/30/2025,C116,P016,S001,5,0.05,"Mobile Money",8829.0625,9293.75,8829.0625,1573.2624999999998
T00761,4/24/2025,C061,P008,S005,3,0,"Mobile Money",329.34000000000003,329.34000000000003,329.34000000000003,117.57000000000002
T00762,10/29/2023,C100,P018,S004,3,0,Cash,3239.67,3239.67,3239.67,1128.1799999999998
T00763,9/23/2023,C191,P022,S003,2,0.15,"Credit Card",43.469,51.14,43.469,5.369
T00764,8/24/2025,C163,P029,S003,5,0.05,"Credit Card",7053.987499999999,7425.25,7053.987499999999,2112.4375
T00765,4/3/2025,C076,P046,S004,2,0,"Credit Card",2330.74,2330.74,2330.74,477.6399999999999
T00766,6/20/2025,C045,P039,S005,1,0.15,Cash,459.79900000000004,540.94,459.79900000000004,61.549000000000035
T00767,3/31/2025,C110,P021,S003,5,0.1,"Credit Card",5522.58,6136.2,5522.58,637.1300000000001
T00768,12/13/2024,C042,P039,S005,3,0,"Bank Transfer",1622.8200000000002,1622.8200000000002,1622.8200000000002,428.07000000000016
T00769,7/20/2025,C120,P007,S002,1,0.05,"Bank Transfer",1400.4139999999998,1474.12,1400.4139999999998,636.3939999999998
T00770,12/13/2023,C153,P050,S001,5,0.1,"Mobile Money",4700.880000000001,5223.200000000001,4700.880000000001,825.5300000000007
T00771,7/1/2024,C147,P046,S005,3,0,"Bank Transfer",3496.1099999999997,3496.1099999999997,3496.1099999999997,716.46
T00772,9/7/2025,C135,P040,S002,2,0,"Credit Card",3491.22,3491.22,3491.22,846.3399999999997
T00773,10/28/2023,C107,P028,S005,5,0.15,Cash,2863.5649999999996,3368.8999999999996,2863.5649999999996,1046.9149999999997
T00774,2/16/2024,C090,P013,S002,2,0.1,"Bank Transfer",2042.6399999999999,2269.6,2042.6399999999999,692.4399999999998
T00775,10/19/2024,C093,P008,S003,2,0.15,Cash,186.626,219.56,186.626,45.446
T00776,3/3/2025,C030,P022,S003,4,0.05,"Credit Card",97.166,102.28,97.166,20.965999999999994
T00777,12/10/2024,C011,P021,S003,4,0,"Mobile Money",4908.96,4908.96,4908.96,1000.5999999999999
T00778,11/27/2024,C066,P015,S005,3,0,"Bank Transfer",811.3499999999999,811.3499999999999,811.3499999999999,248.54999999999995
T00779,8/20/2024,C132,P010,S005,4,0.15,Cash,4060.0079999999994,4776.48,4060.0079999999994,704.2079999999992
T00780,12/11/2024,C076,P022,S002,3,0,Cash,76.71000000000001,76.71000000000001,76.71000000000001,19.560000000000002
T00781,8/2/2025,C043,P017,S005,5,0,Cash,6230.549999999999,6230.549999999999,6230.549999999999,2062.949999999999
T00782,2/23/2025,C054,P044,S002,4,0,"Credit Card",5146.2,5146.2,5146.2,1956.04
T00783,7/9/2024,C138,P026,S004,1,0.05,Cash,964.972,1015.76,964.972,380.572
T00784,6/27/2025,C118,P038,S003,1,0,Cash,366.93,366.93,366.93,81.69999999999999
T00785,5/19/2024,C014,P008,S002,3,0,"Credit Card",329.34000000000003,329.34000000000003,329.34000000000003,117.57000000000002
T00786,5/31/2024,C067,P049,S004,4,0.15,"Mobile Money",1320.0839999999998,1553.04,1320.0839999999998,522.8839999999998
T00787,7/8/2025,C111,P007,S003,1,0.15,Cash,1253.002,1474.12,1253.002,488.98199999999997
T00788,1/30/2024,C137,P022,S001,5,0,Cash,127.85,127.85,127.85,32.599999999999994
T00789,12/3/2023,C180,P030,S001,3,0,"Bank Transfer",87.72,87.72,87.72,41.88
T00790,3/28/2025,C176,P008,S003,5,0,"Bank Transfer",548.9,548.9,548.9,195.94999999999993
T00791,3/23/2025,C196,P050,S004,4,0.15,Cash,3551.7760000000003,4178.56,3551.7760000000003,451.4960000000001
T00792,12/6/2024,C122,P049,S002,5,0.05,"Credit Card",1844.235,1941.3,1844.235,847.7349999999999
T00793,12/5/2024,C192,P027,S004,5,0.1,"Credit Card",5725.035,6361.15,5725.035,961.7849999999999
T00794,9/2/2024,C077,P015,S003,1,0.05,Cash,256.92749999999995,270.45,256.92749999999995,69.32749999999996
T00795,3/26/2024,C011,P049,S001,5,0.15,Cash,1650.105,1941.3,1650.105,653.605
T00796,10/3/2023,C079,P014,S002,3,0.05,"Mobile Money",3826.8374999999996,4028.25,3826.8374999999996,1433.0174999999995
T00797,9/20/2023,C166,P037,S005,2,0.05,"Credit Card",3710.035,3905.3,3710.035,807.4949999999999
T00798,7/30/2025,C057,P005,S005,3,0.05,Cash,3979.227,4188.66,3979.227,966.9569999999999
T00799,2/4/2025,C047,P002,S005,1,0.15,Cash,695.946,818.76,695.946,168.32600000000002
T00800,4/23/2024,C075,P013,S001,3,0,"Credit Card",3404.3999999999996,3404.3999999999996,3404.3999999999996,1379.0999999999995
T00801,2/5/2024,C186,P029,S005,4,0.1,"Bank Transfer",5346.18,5940.2,5346.18,1392.9400000000005
T00802,5/6/2025,C033,P017,S002,1,0.1,Cash,1121.499,1246.11,1121.499,287.97900000000004
T00803,9/28/2023,C050,P027,S003,4,0.15,"Bank Transfer",4325.582,5088.92,4325.582,514.9820000000004
T00804,6/29/2025,C158,P027,S003,5,0.05,"Bank Transfer",6043.0925,6361.15,6043.0925,1279.8424999999997
T00805,10/6/2023,C081,P048,S004,2,0,"Bank Transfer",2432.72,2432.72,2432.72,843.1199999999999
T00806,6/27/2025,C064,P041,S002,4,0.1,"Bank Transfer",5886.036,6540.04,5886.036,1712.8760000000002
T00807,11/4/2024,C035,P050,S003,4,0.15,"Mobile Money",3551.7760000000003,4178.56,3551.7760000000003,451.4960000000001
T00808,3/18/2024,C092,P006,S003,4,0,"Credit Card",1272.2,1272.2,1272.2,522.84
T00809,6/11/2025,C166,P041,S005,1,0.1,"Credit Card",1471.509,1635.01,1471.509,428.21900000000005
T00810,4/2/2025,C138,P008,S002,3,0,Cash,329.34000000000003,329.34000000000003,329.34000000000003,117.57000000000002
T00811,10/6/2024,C005,P032,S005,1,0.15,"Credit Card",259.0035,304.71,259.0035,94.99349999999998
T00812,5/1/2024,C010,P020,S005,3,0.15,"Credit Card",825.996,971.76,825.996,97.05600000000004
T00813,12/29/2023,C094,P035,S004,2,0.1,"Credit Card",2812.3740000000003,3124.86,2812.3740000000003,421.11400000000003
T00814,2/13/2024,C119,P040,S005,5,0,"Mobile Money",8728.05,8728.05,8728.05,2115.8499999999985
T00815,1/16/2025,C094,P004,S005,1,0.05,"Credit Card",1761.0815,1853.77,1761.0815,397.5615
T00816,8/13/2024,C194,P016,S005,2,0.15,"Credit Card",3159.875,3717.5,3159.875,257.55499999999984
T00817,5/12/2025,C046,P005,S005,5,0.05,"Mobile Money",6632.045,6981.1,6632.045,1611.5950000000003
T00818,11/8/2024,C092,P001,S001,2,0.15,"Credit Card",2845.273,3347.38,2845.273,198.51299999999992
T00819,8/24/2025,C017,P025,S003,3,0.05,Cash,1223.0774999999999,1287.4499999999998,1223.0774999999999,446.9174999999998
T00820,3/1/2025,C172,P046,S002,5,0.1,"Mobile Money",5244.165,5826.849999999999,5244.165,611.415
T00821,7/7/2024,C121,P006,S004,1,0,"Bank Transfer",318.05,318.05,318.05,130.71
T00822,1/4/2025,C027,P015,S005,3,0.1,"Credit Card",730.2149999999999,811.3499999999999,730.2149999999999,167.41499999999996
T00823,3/23/2025,C097,P006,S004,3,0,"Bank Transfer",954.1500000000001,954.1500000000001,954.1500000000001,392.1300000000001
T00824,6/1/2025,C097,P001,S002,5,0.15,"Bank Transfer",7113.182500000001,8368.45,7113.182500000001,496.28250000000025
T00825,2/24/2024,C089,P011,S004,4,0,"Credit Card",994.28,994.28,994.28,231.60000000000002
T00826,11/15/2023,C113,P038,S002,2,0,"Bank Transfer",733.86,733.86,733.86,163.39999999999998
T00827,2/25/2025,C055,P026,S002,2,0.05,"Bank Transfer",1929.944,2031.52,1929.944,761.144
T00828,9/3/2024,C155,P019,S001,2,0.15,"Bank Transfer",2996.964,3525.84,2996.964,304.0039999999999
T00829,12/11/2023,C185,P021,S001,4,0.15,"Mobile Money",4172.616,4908.96,4172.616,264.25599999999986
T00830,3/19/2024,C054,P008,S005,2,0.15,Cash,186.626,219.56,186.626,45.446
T00831,11/7/2023,C063,P005,S001,2,0.05,"Credit Card",2652.8179999999998,2792.44,2652.8179999999998,644.6379999999997
T00832,4/26/2025,C162,P049,S005,1,0.05,Cash,368.847,388.26,368.847,169.54699999999997
T00833,10/16/2024,C043,P038,S003,2,0.15,Cash,623.781,733.86,623.781,53.32099999999991
T00834,7/6/2025,C185,P010,S003,1,0.05,"Mobile Money",1134.4139999999998,1194.12,1134.4139999999998,295.4639999999997
T00835,1/9/2025,C156,P044,S004,4,0.05,"Credit Card",4888.889999999999,5146.2,4888.889999999999,1698.7299999999996
T00836,7/22/2025,C106,P044,S005,2,0.05,"Bank Transfer",2444.4449999999997,2573.1,2444.4449999999997,849.3649999999998
T00837,8/30/2024,C043,P025,S003,4,0,"Credit Card",1716.6,1716.6,1716.6,681.7199999999998
T00838,8/5/2024,C097,P025,S004,2,0,Cash,858.3,858.3,858.3,340.8599999999999
T00839,9/11/2024,C052,P011,S005,5,0.15,"Credit Card",1056.4225,1242.85,1056.4225,103.07249999999999
T00840,7/24/2024,C156,P025,S001,2,0.15,Cash,729.555,858.3,729.555,212.1149999999999
T00841,10/25/2024,C137,P038,S005,1,0,"Mobile Money",366.93,366.93,366.93,81.69999999999999
T00842,8/16/2025,C169,P010,S002,5,0,"Mobile Money",5970.599999999999,5970.599999999999,5970.599999999999,1775.8499999999995
T00843,8/6/2025,C134,P023,S004,3,0,"Mobile Money",5635.41,5635.41,5635.41,2590.68
T00844,10/4/2023,C059,P005,S004,4,0.1,Cash,5026.392,5584.88,5026.392,1010.0319999999997
T00845,8/17/2024,C109,P033,S002,3,0.15,"Credit Card",4587.3735,5396.91,4587.3735,599.9234999999994
T00846,8/11/2024,C022,P036,S003,5,0.15,"Bank Transfer",6381.205,7507.3,6381.205,542.5550000000003
T00847,9/16/2024,C049,P022,S001,1,0,Cash,25.57,25.57,25.57,6.52
T00848,5/1/2024,C097,P002,S002,3,0.15,"Bank Transfer",2087.8379999999997,2456.2799999999997,2087.8379999999997,504.9779999999996
T00849,5/30/2025,C028,P005,S002,4,0.1,"Bank Transfer",5026.392,5584.88,5026.392,1010.0319999999997
T00850,8/3/2025,C138,P045,S004,5,0.1,"Bank Transfer",8455.86,9395.4,8455.86,3433.0600000000013
T00851,7/16/2024,C175,P040,S004,2,0.15,"Mobile Money",2967.537,3491.22,2967.537,322.6569999999997
T00852,4/1/2024,C046,P048,S003,5,0.15,"Bank Transfer",5169.529999999999,6081.799999999999,5169.529999999999,1195.5299999999988
T00853,11/5/2024,C079,P003,S005,3,0.15,"Credit Card",860.9565,1012.89,860.9565,353.8665
T00854,8/30/2024,C169,P009,S001,2,0.15,"Credit Card",209.423,246.38,209.423,48.703
T00855,11/14/2023,C026,P012,S002,5,0.15,"Bank Transfer",5070.6325,5965.45,5070.6325,979.4324999999999
T00856,7/3/2024,C141,P039,S005,1,0.05,"Mobile Money",513.893,540.94,513.893,115.64300000000003
T00857,1/3/2025,C163,P022,S001,1,0.05,"Mobile Money",24.2915,25.57,24.2915,5.2414999999999985
T00858,4/16/2025,C154,P031,S004,1,0,"Bank Transfer",1095.72,1095.72,1095.72,273.52
T00859,3/6/2024,C057,P004,S003,1,0,"Mobile Money",1853.77,1853.77,1853.77,490.25
T00860,8/23/2024,C103,P013,S005,5,0.1,Cash,5106.6,5674,5106.6,1731.1000000000004
T00861,7/24/2025,C199,P043,S002,4,0.15,Cash,1919.0279999999998,2257.68,1919.0279999999998,743.1879999999999
T00862,10/28/2024,C052,P003,S005,3,0.05,Cash,962.2455,1012.89,962.2455,455.15549999999996
T00863,3/29/2025,C154,P045,S005,5,0.05,"Credit Card",8925.63,9395.4,8925.63,3902.83
T00864,2/12/2024,C173,P005,S001,3,0.05,Cash,3979.227,4188.66,3979.227,966.9569999999999
T00865,11/19/2023,C041,P037,S001,3,0.15,"Bank Transfer",4979.257500000001,5857.950000000001,4979.257500000001,625.4475000000011
T00866,4/11/2025,C172,P002,S004,4,0.05,Cash,3111.288,3275.04,3111.288,1000.808
T00867,6/1/2024,C189,P043,S001,1,0.1,"Bank Transfer",507.97799999999995,564.42,507.97799999999995,214.01799999999997
T00868,9/9/2024,C089,P025,S003,2,0.05,"Mobile Money",815.3849999999999,858.3,815.3849999999999,297.9449999999998
T00869,12/8/2024,C104,P011,S005,1,0.1,"Credit Card",223.713,248.57,223.713,33.043000000000006
T00870,10/7/2023,C105,P012,S005,1,0,"Bank Transfer",1193.09,1193.09,1193.09,374.8499999999999
T00871,11/21/2024,C088,P038,S001,5,0.1,"Bank Transfer",1651.1850000000002,1834.65,1651.1850000000002,225.03500000000008
T00872,7/20/2025,C178,P041,S004,4,0.15,"Credit Card",5559.034,6540.04,5559.034,1385.8739999999998
T00873,9/28/2024,C194,P047,S003,4,0.15,Cash,4070.4120000000003,4788.72,4070.4120000000003,1179.4520000000002
T00874,10/5/2024,C124,P040,S001,3,0,"Mobile Money",5236.83,5236.83,5236.83,1269.5099999999998
T00875,11/30/2024,C163,P022,S002,2,0.1,"Mobile Money",46.026,51.14,46.026,7.926000000000002
T00876,5/23/2024,C091,P048,S005,5,0,"Bank Transfer",6081.799999999999,6081.799999999999,6081.799999999999,2107.7999999999993
T00877,11/16/2023,C064,P014,S003,1,0.15,"Bank Transfer",1141.3374999999999,1342.75,1141.3374999999999,343.3974999999998
T00878,12/27/2023,C020,P018,S005,2,0.15,"Bank Transfer",1835.813,2159.78,1835.813,428.153
T00879,9/5/2024,C091,P049,S002,5,0.1,"Credit Card",1747.17,1941.3,1747.17,750.6700000000001
T00880,1/18/2024,C192,P043,S002,4,0.05,"Credit Card",2144.796,2257.68,2144.796,968.9559999999999
T00881,8/16/2024,C189,P030,S002,3,0.05,"Credit Card",83.33399999999999,87.72,83.33399999999999,37.49399999999999
T00882,12/8/2024,C052,P038,S002,5,0.1,"Credit Card",1651.1850000000002,1834.65,1651.1850000000002,225.03500000000008
T00883,4/29/2025,C200,P013,S001,1,0,"Mobile Money",1134.8,1134.8,1134.8,459.69999999999993
T00884,5/3/2025,C158,P044,S001,5,0,"Mobile Money",6432.75,6432.75,6432.75,2445.05
T00885,9/27/2024,C096,P001,S005,3,0.15,"Bank Transfer",4267.9095,5021.07,4267.9095,297.7694999999994
T00886,11/25/2024,C126,P019,S002,5,0.1,"Mobile Money",7933.14,8814.6,7933.14,1200.7400000000007
T00887,6/17/2025,C057,P006,S005,2,0,"Mobile Money",636.1,636.1,636.1,261.42
T00888,6/24/2024,C123,P027,S005,1,0.1,"Mobile Money",1145.007,1272.23,1145.007,192.35700000000008
T00889,8/5/2025,C176,P025,S002,4,0,"Mobile Money",1716.6,1716.6,1716.6,681.7199999999998
T00890,1/21/2025,C081,P021,S001,1,0.05,"Mobile Money",1165.878,1227.24,1165.878,188.7879999999999
T00891,2/17/2025,C149,P017,S001,3,0.1,"Bank Transfer",3364.497,3738.33,3364.497,863.9369999999999
T00892,7/11/2025,C048,P023,S005,3,0.05,"Bank Transfer",5353.639499999999,5635.41,5353.639499999999,2308.9094999999993
T00893,11/1/2023,C121,P023,S005,3,0.1,"Credit Card",5071.869,5635.41,5071.869,2027.1389999999997
T00894,7/17/2024,C128,P049,S004,2,0.15,"Bank Transfer",660.0419999999999,776.52,660.0419999999999,261.4419999999999
T00895,11/11/2024,C094,P039,S004,3,0.15,"Credit Card",1379.3970000000002,1622.8200000000002,1379.3970000000002,184.64700000000016
T00896,6/13/2025,C147,P015,S002,5,0.05,Cash,1284.6375,1352.25,1284.6375,346.63750000000005
T00897,2/17/2024,C185,P020,S003,2,0.15,"Mobile Money",550.664,647.84,550.664,64.70400000000001
T00898,1/10/2025,C051,P035,S002,2,0.15,Cash,2656.131,3124.86,2656.131,264.87099999999964
T00899,7/28/2024,C046,P031,S004,4,0.05,"Bank Transfer",4163.736,4382.88,4163.736,874.9359999999997
T00900,8/13/2024,C125,P042,S003,3,0,"Mobile Money",1360.8600000000001,1360.8600000000001,1360.8600000000001,410.97000000000014
T00901,11/30/2024,C026,P018,S002,1,0.05,"Bank Transfer",1025.8955,1079.89,1025.8955,322.06550000000004
T00902,2/20/2024,C122,P005,S001,4,0.1,"Bank Transfer",5026.392,5584.88,5026.392,1010.0319999999997
T00903,8/3/2024,C093,P027,S003,5,0.1,"Bank Transfer",5725.035,6361.15,5725.035,961.7849999999999
T00904,8/10/2024,C006,P018,S004,1,0.1,"Credit Card",971.9010000000001,1079.89,971.9010000000001,268.071
T00905,4/28/2025,C148,P001,S005,5,0.05,"Bank Transfer",7950.0275,8368.45,7950.0275,1333.1274999999996
T00906,7/13/2025,C091,P032,S003,5,0.15,"Mobile Money",1295.0175,1523.55,1295.0175,474.9675
T00907,1/26/2025,C021,P045,S004,5,0.1,"Mobile Money",8455.86,9395.4,8455.86,3433.0600000000013
T00908,11/8/2023,C162,P038,S002,2,0.1,"Mobile Money",660.474,733.86,660.474,90.01400000000001
T00909,7/31/2024,C162,P024,S005,5,0.15,Cash,6321.4925,7437.05,6321.4925,2256.1425
T00910,3/10/2024,C021,P007,S002,3,0.05,"Bank Transfer",4201.241999999999,4422.36,4201.241999999999,1909.1819999999993
T00911,8/3/2024,C082,P018,S003,3,0.15,"Bank Transfer",2753.7195,3239.67,2753.7195,642.2294999999999
T00912,3/10/2024,C114,P013,S003,5,0.15,"Mobile Money",4822.9,5674,4822.9,1447.3999999999996
T00913,3/17/2025,C043,P001,S002,1,0.05,"Credit Card",1590.0055,1673.69,1590.0055,266.6254999999999
T00914,3/10/2025,C170,P008,S003,1,0.05,"Credit Card",104.291,109.78,104.291,33.70099999999999
T00915,2/28/2024,C102,P013,S001,1,0,"Mobile Money",1134.8,1134.8,1134.8,459.69999999999993
T00916,6/30/2025,C141,P041,S001,1,0.15,Cash,1389.7585,1635.01,1389.7585,346.46849999999995
T00917,3/3/2024,C027,P043,S003,5,0.05,Cash,2680.995,2822.1,2680.995,1211.195
T00918,3/1/2025,C168,P024,S004,3,0.05,"Credit Card",4239.1185000000005,4462.2300000000005,4239.1185000000005,1799.9085000000005
T00919,12/10/2024,C189,P026,S003,4,0.05,"Credit Card",3859.888,4063.04,3859.888,1522.288
T00920,3/10/2025,C135,P039,S002,1,0,"Bank Transfer",540.94,540.94,540.94,142.69000000000005
T00921,4/1/2025,C084,P035,S004,4,0.1,"Mobile Money",5624.7480000000005,6249.72,5624.7480000000005,842.2280000000001
T00922,2/23/2025,C035,P024,S005,2,0.15,"Mobile Money",2528.597,2974.82,2528.597,902.4570000000001
T00923,11/4/2024,C135,P013,S005,3,0.1,"Mobile Money",3063.9599999999996,3404.3999999999996,3063.9599999999996,1038.6599999999994
T00924,12/13/2024,C139,P011,S002,1,0.15,"Bank Transfer",211.28449999999998,248.57,211.28449999999998,20.614499999999992
T00925,1/22/2025,C094,P027,S004,3,0.05,"Bank Transfer",3625.8554999999997,3816.69,3625.8554999999997,767.9054999999998
T00926,11/10/2024,C003,P001,S001,5,0.05,"Bank Transfer",7950.0275,8368.45,7950.0275,1333.1274999999996
T00927,2/16/2025,C074,P016,S004,5,0,"Mobile Money",9293.75,9293.75,9293.75,2037.9499999999998
T00928,10/5/2023,C194,P026,S004,3,0,"Mobile Money",3047.2799999999997,3047.2799999999997,3047.2799999999997,1294.08
T00929,7/20/2024,C075,P001,S005,2,0,"Bank Transfer",3347.38,3347.38,3347.38,700.6199999999999
T00930,8/3/2025,C049,P005,S004,5,0.15,"Mobile Money",5933.935,6981.1,5933.935,913.4850000000006
T00931,4/9/2025,C064,P026,S002,4,0.15,"Credit Card",3453.584,4063.04,3453.584,1115.984
T00932,8/25/2025,C068,P003,S001,4,0.05,"Bank Transfer",1282.994,1350.52,1282.994,606.8739999999999
T00933,12/18/2023,C073,P015,S005,3,0.15,"Credit Card",689.6474999999999,811.3499999999999,689.6474999999999,126.84749999999997
T00934,2/3/2025,C018,P042,S002,2,0.1,Cash,816.5160000000001,907.24,816.5160000000001,183.25600000000009
T00935,5/11/2024,C164,P048,S004,5,0.15,"Bank Transfer",5169.529999999999,6081.799999999999,5169.529999999999,1195.5299999999988
T00936,9/21/2024,C180,P026,S005,4,0.05,"Bank Transfer",3859.888,4063.04,3859.888,1522.288
T00937,2/11/2024,C005,P037,S002,1,0,"Credit Card",1952.65,1952.65,1952.65,501.3800000000001
T00938,5/12/2024,C027,P022,S003,3,0.05,"Mobile Money",72.8745,76.71000000000001,72.8745,15.724499999999992
T00939,4/17/2025,C187,P033,S001,2,0,"Credit Card",3597.94,3597.94,3597.94,939.6399999999999
T00940,7/18/2024,C004,P016,S004,2,0.1,"Mobile Money",3345.75,3717.5,3345.75,443.42999999999984
T00941,1/24/2024,C080,P032,S004,3,0.15,Cash,777.0104999999999,914.1299999999999,777.0104999999999,284.9804999999999
T00942,5/2/2025,C085,P014,S001,2,0,"Bank Transfer",2685.5,2685.5,2685.5,1089.62
T00943,6/20/2025,C199,P045,S004,1,0.15,"Credit Card",1597.2179999999998,1879.08,1597.2179999999998,592.6579999999999
T00944,11/21/2024,C050,P019,S003,4,0,Cash,7051.68,7051.68,7051.68,1665.7600000000002
T00945,8/6/2025,C197,P010,S002,4,0.15,"Credit Card",4060.0079999999994,4776.48,4060.0079999999994,704.2079999999992
T00946,7/20/2025,C189,P015,S001,2,0.15,Cash,459.765,540.9,459.765,84.565
T00947,12/28/2024,C134,P036,S002,4,0.15,"Bank Transfer",5104.964,6005.84,5104.964,434.04399999999987
T00948,9/17/2024,C083,P011,S002,1,0,"Bank Transfer",248.57,248.57,248.57,57.900000000000006
T00949,11/24/2023,C124,P023,S003,2,0.1,Cash,3381.246,3756.94,3381.246,1351.4260000000002
T00950,12/15/2023,C171,P040,S002,1,0.05,"Mobile Money",1658.3294999999998,1745.61,1658.3294999999998,335.88949999999977
T00951,7/18/2025,C084,P025,S001,2,0.1,Cash,772.47,858.3,772.47,255.02999999999997
T00952,7/30/2024,C102,P039,S002,1,0,"Mobile Money",540.94,540.94,540.94,142.69000000000005
T00953,8/31/2024,C177,P014,S005,2,0.1,Cash,2416.9500000000003,2685.5,2416.9500000000003,821.0700000000002
T00954,8/11/2024,C064,P007,S002,4,0,"Bank Transfer",5896.48,5896.48,5896.48,2840.3999999999996
T00955,5/8/2024,C195,P038,S001,1,0.1,"Credit Card",330.237,366.93,330.237,45.007000000000005
T00956,11/25/2024,C180,P042,S005,1,0.05,"Mobile Money",430.93899999999996,453.62,430.93899999999996,114.30899999999997
T00957,8/26/2024,C060,P017,S003,5,0.1,"Mobile Money",5607.495,6230.549999999999,5607.495,1439.8949999999995
T00958,10/11/2023,C188,P019,S002,1,0.15,"Bank Transfer",1498.482,1762.92,1498.482,152.00199999999995
T00959,4/17/2024,C186,P033,S002,3,0,"Mobile Money",5396.91,5396.91,5396.91,1409.4599999999996
T00960,7/18/2025,C181,P020,S004,5,0.1,"Mobile Money",1457.64,1619.6000000000001,1457.64,242.74000000000024
T00961,5/30/2025,C049,P015,S005,2,0.1,"Bank Transfer",486.81,540.9,486.81,111.61000000000001
T00962,6/14/2025,C188,P031,S004,3,0.05,Cash,3122.8019999999997,3287.16,3122.8019999999997,656.2019999999993
T00963,9/20/2023,C136,P047,S002,4,0.1,"Bank Transfer",4309.848,4788.72,4309.848,1418.888
T00964,7/31/2024,C139,P046,S003,4,0,"Mobile Money",4661.48,4661.48,4661.48,955.2799999999997
T00965,3/23/2025,C188,P030,S002,1,0.1,"Credit Card",26.316,29.24,26.316,11.036
T00966,2/2/2024,C083,P003,S001,5,0.15,"Credit Card",1434.9275,1688.15,1434.9275,589.7775
T00967,9/7/2024,C135,P022,S004,5,0.05,"Bank Transfer",121.4575,127.85,121.4575,26.207499999999996
T00968,1/20/2025,C083,P031,S004,3,0,Cash,3287.16,3287.16,3287.16,820.5599999999995
T00969,1/5/2024,C134,P011,S001,1,0.05,"Credit Card",236.14149999999998,248.57,236.14149999999998,45.47149999999999
T00970,11/3/2024,C009,P042,S002,1,0.15,"Credit Card",385.577,453.62,385.577,68.947
T00971,7/18/2025,C026,P016,S001,5,0.15,"Mobile Money",7899.6875,9293.75,7899.6875,643.8874999999998
T00972,3/17/2025,C135,P037,S005,5,0.1,Cash,8786.925000000001,9763.25,8786.925000000001,1530.5750000000007
T00973,5/31/2025,C094,P044,S002,5,0,Cash,6432.75,6432.75,6432.75,2445.05
T00974,3/26/2024,C054,P045,S004,1,0.15,Cash,1597.2179999999998,1879.08,1597.2179999999998,592.6579999999999
T00975,3/21/2024,C093,P045,S005,4,0.1,Cash,6764.688,7516.32,6764.688,2746.4480000000003
T00976,4/13/2025,C158,P045,S003,5,0,Cash,9395.4,9395.4,9395.4,4372.6
T00977,8/9/2024,C078,P045,S001,2,0,Cash,3758.16,3758.16,3758.16,1749.04
T00978,1/2/2025,C186,P033,S002,5,0.15,"Credit Card",7645.6225,8994.85,7645.6225,999.8725000000004
T00979,10/31/2023,C050,P014,S005,2,0.05,"Mobile Money",2551.225,2685.5,2551.225,955.3449999999998
T00980,12/12/2024,C192,P001,S001,5,0.1,"Mobile Money",7531.6050000000005,8368.45,7531.6050000000005,914.7049999999999
T00981,6/29/2024,C180,P031,S004,1,0.05,"Credit Card",1040.934,1095.72,1040.934,218.73399999999992
T00982,7/29/2025,C141,P002,S004,5,0.1,"Credit Card",3684.42,4093.8,3684.42,1046.3200000000002
T00983,7/23/2025,C137,P019,S005,4,0.1,"Bank Transfer",6346.512000000001,7051.68,6346.512000000001,960.5920000000006
T00984,10/18/2024,C141,P029,S003,3,0.15,"Mobile Money",3786.8774999999996,4455.15,3786.8774999999996,821.9474999999998
T00985,7/4/2024,C186,P026,S003,5,0.05,"Credit Card",4824.86,5078.8,4824.86,1902.8599999999997
T00986,8/21/2024,C097,P024,S005,3,0.1,"Mobile Money",4016.0070000000005,4462.2300000000005,4016.0070000000005,1576.7970000000005
T00987,8/29/2024,C115,P030,S004,1,0,"Bank Transfer",29.24,29.24,29.24,13.959999999999999
T00988,9/24/2024,C153,P030,S001,5,0.05,"Bank Transfer",138.89,146.2,138.89,62.489999999999995
T00989,11/5/2023,C002,P007,S003,2,0.05,"Bank Transfer",2800.8279999999995,2948.24,2800.8279999999995,1272.7879999999996
T00990,5/26/2025,C006,P020,S003,5,0.05,Cash,1538.6200000000001,1619.6000000000001,1538.6200000000001,323.72000000000025
T00991,7/2/2024,C010,P046,S004,3,0.05,"Credit Card",3321.3044999999997,3496.1099999999997,3321.3044999999997,541.6545000000001
T00992,12/13/2023,C068,P011,S003,5,0.05,"Credit Card",1180.7074999999998,1242.85,1180.7074999999998,227.35749999999985
T00993,1/26/2024,C066,P029,S003,1,0.15,"Credit Card",1262.2925,1485.05,1262.2925,273.9825000000001
T00994,9/5/2024,C188,P016,S001,3,0.15,"Credit Card",4739.8125,5576.25,4739.8125,386.3324999999995
T00995,9/4/2024,C125,P021,S005,1,0.1,Cash,1104.516,1227.24,1104.516,127.42600000000004
T00996,8/29/2024,C188,P032,S005,4,0,Cash,1218.84,1218.84,1218.84,562.8
T00997,5/24/2024,C198,P050,S003,3,0.15,"Mobile Money",2663.832,3133.92,2663.832,338.62199999999984
T00998,10/31/2024,C031,P014,S002,5,0,"Mobile Money",6713.75,6713.75,6713.75,2724.0499999999997
T00999,1/12/2024,C014,P024,S003,5,0,"Bank Transfer",7437.05,7437.05,7437.05,3371.7
T01000,8/12/2025,C139,P037,S005,2,0.1,"Credit Card",3514.7700000000004,3905.3,3514.7700000000004,612.2300000000005
